<?xml version="1.0" encoding="UTF-8"?>
<record xmlns="http://www.loc.gov/MARC21/slim">
  <leader>     cam a22     2  4500</leader>
  <controlfield tag="001">1023449366</controlfield>
  <controlfield tag="003">DE-627</controlfield>
  <controlfield tag="005">20200305162917.0</controlfield>
  <controlfield tag="007">cr uuu---uuuuu</controlfield>
  <controlfield tag="008">180529s2015    xx |||||o     00| ||eng c</controlfield>
  <datafield tag="020" ind1=" " ind2=" ">
    <subfield code="a">9781784713140</subfield>
    <subfield code="c"> : e-book</subfield>
    <subfield code="9">978-1-78471-314-0</subfield>
  </datafield>
  <datafield tag="035" ind1=" " ind2=" ">
    <subfield code="a">(DE-627)1023449366</subfield>
  </datafield>
  <datafield tag="035" ind1=" " ind2=" ">
    <subfield code="a">(DE-599)GBV1023449366</subfield>
  </datafield>
  <datafield tag="040" ind1=" " ind2=" ">
    <subfield code="a">DE-627</subfield>
    <subfield code="b">ger</subfield>
    <subfield code="c">DE-627</subfield>
    <subfield code="e">rakwb</subfield>
  </datafield>
  <datafield tag="041" ind1=" " ind2=" ">
    <subfield code="a">eng</subfield>
  </datafield>
  <datafield tag="044" ind1=" " ind2=" ">
    <subfield code="c">XA-GB</subfield>
  </datafield>
  <datafield tag="050" ind1=" " ind2="0">
    <subfield code="a">HC85</subfield>
  </datafield>
  <datafield tag="100" ind1="1" ind2=" ">
    <subfield code="a">Ploeg, Frederick van der</subfield>
    <subfield code="4">aut</subfield>
  </datafield>
  <datafield tag="245" ind1="1" ind2="4">
    <subfield code="a">The economics of resource rich economies</subfield>
    <subfield code="c">Frederick van der Ploeg and Anthony J. Venables</subfield>
  </datafield>
  <datafield tag="264" ind1=" " ind2="1">
    <subfield code="a">Cheltenham</subfield>
    <subfield code="b">Edward Elgar Pub. Ltd</subfield>
    <subfield code="c">2015</subfield>
  </datafield>
  <datafield tag="300" ind1=" " ind2=" ">
    <subfield code="a">1 Online-Ressource (1 v)</subfield>
    <subfield code="c">cm</subfield>
  </datafield>
  <datafield tag="336" ind1=" " ind2=" ">
    <subfield code="a">Text</subfield>
    <subfield code="b">txt</subfield>
    <subfield code="2">rdacontent</subfield>
  </datafield>
  <datafield tag="337" ind1=" " ind2=" ">
    <subfield code="a">Computermedien</subfield>
    <subfield code="b">c</subfield>
    <subfield code="2">rdamedia</subfield>
  </datafield>
  <datafield tag="338" ind1=" " ind2=" ">
    <subfield code="a">Online-Ressource</subfield>
    <subfield code="b">cr</subfield>
    <subfield code="2">rdacarrier</subfield>
  </datafield>
  <datafield tag="490" ind1="0" ind2=" ">
    <subfield code="a">Elgar research reviews in economics</subfield>
  </datafield>
  <datafield tag="500" ind1=" " ind2=" ">
    <subfield code="a">The recommended readings are available in the print version, or may be available via the link to your library&apos;s holdings</subfield>
  </datafield>
  <datafield tag="520" ind1=" " ind2=" ">
    <subfield code="a">The Economics of Resource Rich Economies discusses the problems and benefits of economies rich in natural resources. After a brief look at some historical aspects, it explores the concept known as the &apos;Dutch Disease&apos; and offers empirical and theoretical insights into the effects of rich natural resources on economic growth. It investigates the political economy of natural resources, issues of conflict and natural resources and a variety of policies and strategies for managing the revenue from natural resources</subfield>
  </datafield>
  <datafield tag="520" ind1=" " ind2=" ">
    <subfield code="a">Frederick van der Ploeg (2010), &apos;Voracious Transformation of a Common Natural Resource into Productive Capital&apos;, International Economic Review, 51 (2), May, 365-81</subfield>
  </datafield>
  <datafield tag="520" ind1=" " ind2=" ">
    <subfield code="a">Jean-Marie Baland and Patrick Francois (2000), &apos;Rent-seeking and Resource Booms&apos;, Journal of Development Economics, 61 (2), April, 527-42 -- Erwin H. Bulte, Richard Damania and Robert T. Deacon (2005), &apos;Resource Intensity, Institutions, and Development&apos;, World Development, 33 (7), July, 1029-44 -- Roland Hodler (2006), &apos;The Curse of Natural Resources in Fractionalized Countries&apos;, European Economic Review, 50 (6), August, 1367-86 -- James A. Robinson, Ragnar Torvik and Thierry Verdier (2006), &apos;Political Foundations of the Resource Curse&apos;, Journal of Development Economics, 79 (2), April, 447-68 -- Aaron Tornell and Philip R. Lane (1999), &apos;The Voracity Effect&apos;, American Economic Review, 89 (1), March, 22-46 -- Ragnar Torvik (2002), &apos;Natural Resources, Rent Seeking and Welfare&apos;, Journal of Development Economics, 67 (2), April, 455-70 -- Francesco Caselli and Tom Cunningham (2009), &apos;Leader Behaviour and the Natural Resource Curse&apos;, Oxford Economic Papers, 61 (4), October, 628-50 -- Paul Collier and Anke Hoeffler (2004), &apos;Greed and Grievance in Civil War&apos;, Oxford Economic Papers, 56 (4), October, 563-95 -- James D. Fearon (2005), &apos;Primary Commodity Exports and Civil War&apos;, Journal of Conflict Resolution, 49 (4), August, 483-507 -- Joshua D. Angrist and Adriana D. Kugler (2008), &apos;Rural Windfall or a New Resource Curse? Coca, Income, and Civil Conflict in Colombia&apos;, Review of Economics and Statistics, XC (2), May, 191-215 -- Ernesto Dal Bó and Pedro Dal Bó (2011), &apos;Workers, Warriors, and Criminals: Social Conflict in General Equilibrium&apos;, Journal of the European Economic Association, 9 (4), August, 646-77 -- Oeindrila Dube and Juan F. Vargas (2013), &apos;Commodity Price Shocks and Civil Conflict: Evidence from Colombia&apos;, Review of Economic Studies, 80 (4), October, 1384-421 -- Frederick van der Ploeg and Dominic Rohner (2012), &apos;War and Natural Resource Exploitation&apos;, European Economic Review, 56 (8), November, 1714-29 -- John M. Hartwick (1977), &apos;Intergenerational Equity and the Investing of Rents from Exhaustible Resources&apos;, American Economic Review, 67 (5), December, 972-4 -- Avinash Dixit, Peter Hammond and Michael Hoel (1980), &apos;On Hartwick&apos;s Rule for Regular Maximin Paths of Capital Accumulation and Resource Depletion&apos;, Review of Economic Studies, XLVII (3), April, 551-6 -- Kenneth J. Arrow, Partha Dasgupta and Karl-Göran Mäler (2003), &apos;The Genuine Savings Criterion and the Value of Population&apos;, Economic Theory, 21 (2-3), March, 217-25 -- J.A Sefton and M.R. Weale (2006), &apos;The Concept of Income in a General Equilibrium&apos;, Review of Economic Studies, 73 (1), January, 219-49 -- Frederick van der Ploeg and Anthony J. Venables (2011), &apos;Harnessing Windfall Revenues: Optimal Policies for Resource-Rich Developing Economies&apos;, Economic Journal, 121 (551), March, 1-30 -- Ton S. van den Bremer and Frederick van der Ploeg (2013), &apos;Managing and Harnessing Volatile Oil Windfalls&apos;, IMF Economic Review, 61 (1), 130-67</subfield>
  </datafield>
  <datafield tag="520" ind1=" " ind2=" ">
    <subfield code="a">Recommended readings (Machine generated): Paul A. David and Gavin Wright (1997), &apos;Increasing Returns and the Genesis of American Resource Abundance&apos;, Industrial and Corporate Change, 6 (2), March, 203-45 -- Gary D. Libecap (1978), &apos;Economic Variables and the Development of the Law: The Case of Western Mineral Rights&apos;, Journal of Economic History, 38 (2), June, 338-62 -- Christopher Blattman, Jason Hwang and Jeffrey G. Williamson (2007), &apos;Winners and Losers in the Commodity Lottery: The Impact of Terms of Trade Growth and Volatility in the Periphery 1870-1939&apos;, Journal of Development Economics, 82 (1), January, 156-79 -- W. Max Corden and J. Peter Neary (1982), &apos;Booming Sector and De-Industrialisation in a Small Open Economy&apos;, Economic Journal, 92 (368), December, 825-48 -- Peter Neary (1988), &apos;Determinants of the Equilibrium Real Exchange Rate&apos;, American Economic Review, 78 (1), March, 210-15 -- R.K. Eastwood and A.J. Venables (1982), &apos;The Macroeconomic Implications of a Resource Discovery in an Open Economy&apos;, Economic Journal, 92 (366), June, 285-99 -- Sweder van Wijnbergen (1984), &apos;The &quot;Dutch Disease&quot;: A Disease After All?&apos;, Economic Journal, 94 (373), March, 41-55 -- Frederick van der Ploeg and Anthony J. Venables (2013), &apos;Absorbing a Windfall of Foreign Exchange: Dutch Disease Dynamics&apos;, Journal of Development Economics, 103, July, 229-43 -- Jeffrey D. Sachs and Andrew M. Warner (2001), &apos;The Curse of Natural Resources&apos;, European Economic Review, 45 (4-6), May, 827-38 -- Paul Collier and Benedikt Goderis (2012), &apos;Commodity Prices and Growth: An Empirical Investigation&apos;, European Economic Review, 56 (6), August, 1241-60 -- Halvor Mehlum, Karl Moene and Ragnar Torvik (2006), &apos;Institutions and the Resource Curse&apos;, Economic Journal, 116 (508), January, 1-20 -- Halvor Mehlum, Karl Moene and Ragnar Torvik (2006), &apos;Institutions and the Resource Curse&apos;, Economic Journal, 116 (508), January, 1-20 -- Anne D. Boschini, Jan Pettersson and Jesper Roine (2007), &apos;Resource Curse or Not: A Question of Appropriability&apos;, Scandinavian Journal of Economics, 109 (3), September, 593-617 -- Frederick van der Ploeg and Steven Poelhekke (2009), &apos;Volatility and the Natural Resource Curse&apos;, Oxford Economic Papers, 61 (4), October, 727-60 -- Benedikt Goderis and Samuel W. Malone (2011), &apos;Natural Resource Booms and Inequality: Theory and Evidence&apos;, Scandinavian Journal of Economics, 113 (2), June, 388-417 &apos;Erratum&apos;, in Scandinavian Journal of Economics, 113 (3), September, 754 -- Pedro C. Vicente (2010), &apos;Does Oil Corrupt? Evidence from a Natural Experiment in West Africa&apos;, Journal of Development Economics, 92 (1), May, 28-38 -- Fernando M. Aragón and Juan Pablo Rud (2013), &apos;Natural Resources and Local Communities: Evidence from a Peruvian Gold Mine&apos;, American Economic Journal: Economic Policy, 5 (2), May, 1-25 -- Jørgen Juel Andersen and Silje Aslaksen (2008), &apos;Constitutions and the Resource Curse&apos;, Journal of Development Economics, 87 (2), October, 227-46</subfield>
  </datafield>
  <datafield tag="650" ind1=" " ind2="0">
    <subfield code="a">Natural resources</subfield>
  </datafield>
  <datafield tag="655" ind1=" " ind2="0">
    <subfield code="a">Electronic books</subfield>
  </datafield>
  <datafield tag="700" ind1="1" ind2=" ">
    <subfield code="a">Venables, Anthony</subfield>
    <subfield code="4">oth</subfield>
  </datafield>
  <datafield tag="710" ind1="2" ind2=" ">
    <subfield code="a">Edward Elgar Publishing</subfield>
    <subfield code="4">oth</subfield>
  </datafield>
  <datafield tag="776" ind1="1" ind2=" ">
    <subfield code="z">9781849803915</subfield>
  </datafield>
  <datafield tag="776" ind1="0" ind2="8">
    <subfield code="i">Available in another form</subfield>
    <subfield code="z">9781849803915</subfield>
  </datafield>
  <datafield tag="856" ind1="4" ind2="0">
    <subfield code="u">http://www.elgaronline.com/view/Research_Reviews/9781849803915/9781849803915.xml</subfield>
    <subfield code="x">Verlag; Elgar</subfield>
    <subfield code="3">Volltext</subfield>
  </datafield>
  <datafield tag="912" ind1=" " ind2=" ">
    <subfield code="a">ZDB-1-EWE</subfield>
  </datafield>
  <datafield tag="912" ind1=" " ind2=" ">
    <subfield code="a">ZDB-1-EWE</subfield>
  </datafield>
  <datafield tag="924" ind1="1" ind2=" ">
    <subfield code="a">1772924377</subfield>
    <subfield code="b">DE-206</subfield>
    <subfield code="9">206</subfield>
    <subfield code="c">GBV</subfield>
    <subfield code="d">d</subfield>
  </datafield>
  <datafield tag="951" ind1=" " ind2=" ">
    <subfield code="a">BO</subfield>
  </datafield>
</record>