
<?xml version="1.0" encoding="UTF-8"?>
<record xmlns="http://www.loc.gov/MARC21/slim">
  <leader>     cam a22     2  4500</leader>
  <controlfield tag="001">1023448254</controlfield>
  <controlfield tag="003">DE-627</controlfield>
  <controlfield tag="005">20200305162918.0</controlfield>
  <controlfield tag="007">cr uuu---uuuuu</controlfield>
  <controlfield tag="008">180529s2015    xx |||||o     00| ||eng c</controlfield>
  <datafield tag="020" ind1=" " ind2=" ">
    <subfield code="a">9781784713126</subfield>
    <subfield code="c"> : e-book</subfield>
    <subfield code="9">978-1-78471-312-6</subfield>
  </datafield>
  <datafield tag="035" ind1=" " ind2=" ">
    <subfield code="a">(DE-627)1023448254</subfield>
  </datafield>
  <datafield tag="035" ind1=" " ind2=" ">
    <subfield code="a">(DE-599)GBV1023448254</subfield>
  </datafield>
  <datafield tag="040" ind1=" " ind2=" ">
    <subfield code="a">DE-627</subfield>
    <subfield code="b">ger</subfield>
    <subfield code="c">DE-627</subfield>
    <subfield code="e">rakwb</subfield>
  </datafield>
  <datafield tag="041" ind1=" " ind2=" ">
    <subfield code="a">eng</subfield>
  </datafield>
  <datafield tag="044" ind1=" " ind2=" ">
    <subfield code="c">XA-GB</subfield>
  </datafield>
  <datafield tag="050" ind1=" " ind2="0">
    <subfield code="a">HD87</subfield>
  </datafield>
  <datafield tag="100" ind1="1" ind2=" ">
    <subfield code="a">Boettke, Peter J.</subfield>
    <subfield code="4">aut</subfield>
  </datafield>
  <datafield tag="245" ind1="1" ind2="4">
    <subfield code="a">The economic role of the state</subfield>
    <subfield code="c">Peter J. Boettke and Peter T. Leeson</subfield>
  </datafield>
  <datafield tag="264" ind1=" " ind2="1">
    <subfield code="a">Cheltenham</subfield>
    <subfield code="b">Edward Elgar Pub. Ltd</subfield>
    <subfield code="c">2015</subfield>
  </datafield>
  <datafield tag="300" ind1=" " ind2=" ">
    <subfield code="a">1 Online-Ressource (1 v)</subfield>
  </datafield>
  <datafield tag="336" ind1=" " ind2=" ">
    <subfield code="a">Text</subfield>
    <subfield code="b">txt</subfield>
    <subfield code="2">rdacontent</subfield>
  </datafield>
  <datafield tag="337" ind1=" " ind2=" ">
    <subfield code="a">Computermedien</subfield>
    <subfield code="b">c</subfield>
    <subfield code="2">rdamedia</subfield>
  </datafield>
  <datafield tag="338" ind1=" " ind2=" ">
    <subfield code="a">Online-Ressource</subfield>
    <subfield code="b">cr</subfield>
    <subfield code="2">rdacarrier</subfield>
  </datafield>
  <datafield tag="490" ind1="0" ind2=" ">
    <subfield code="a">Elgar research reviews in economics</subfield>
  </datafield>
  <datafield tag="500" ind1=" " ind2=" ">
    <subfield code="a">The recommended readings are available in the print version, or may be available via the link to your library&apos;s holdings</subfield>
  </datafield>
  <datafield tag="520" ind1=" " ind2=" ">
    <subfield code="a">This research review covers the main theories and justifications for and against state intervention as they have developed over two centuries. It also incorporates an institutional approach to the role of the state in enforcing &quot;the rules of the game&quot; of the economy as well as examining specific issues including market failure, rent-seeking and regulation. Economists and political scientists alike will find this to be the ideal guide to the classic and modern arguments surrounding the state&apos;s role in the economy</subfield>
  </datafield>
  <datafield tag="520" ind1=" " ind2=" ">
    <subfield code="a">James M. Buchanan (1976), &apos;The Justice of Natural Liberty&apos; -- Gordon Tullock (1967), &apos;The Welfare Costs of Tariffs, Monopolies, and Theft&apos; -- Armen A. Alchian (2006), &apos;Some Economics of Property Rights&apos; -- Mancur Olson (1993), &apos;Dictatorship, Democracy, and Development&apos; -- David Friedman (1989), &apos;What is Anarchy? What is Government?&apos; -- Jack Hirshleifer (1995), &apos;Anarchy and its Breakdown&apos; -- Avinash K. Dixit (2004), &apos;Economics With and Without the Law&apos; -- James E. Rauch (2005), &apos;Getting the Properties Right to Secure Property Rights: Dixit&apos;s Lawlessness and Economics&apos; -- Timothy Frye and Andrei Shleifer (1997), &apos;The Invisible Hand and the Grabbing Hand&apos; -- Andrei Shleifer (2009), &apos;The Age of Milton Friedman&apos; -- Daron Acemoglu and Simon Johnson (2005), &apos;Unbundling Institutions&apos; -- Barry R. Weingast (1995), &apos;The Economic Role of Political Institutions: Market-Preserving Federalism and Economic Development&apos;</subfield>
  </datafield>
  <datafield tag="520" ind1=" " ind2=" ">
    <subfield code="a">Recommended readings (Machine generated): David Hume (1985 [1777]), &apos;Of the Independency of Parliament&apos; -- David Hume (2000), &apos;Of the Origin of Justice and Property&apos;, &apos;Of the Rules, Which Determine Property&apos; and &apos;Of the Transference of Property By Consent&apos; -- Adam Smith (1961 [1776]), &apos;Of the Sources of the General or Public Revenue of the Society&apos; -- Frédéric Bastiat (1850 [2007]), The Law -- Jean-Baptiste Say (2001 [1880]), &apos;Of the Effect of Government Regulations Intended to Influence Production&apos; -- Simon Newcomb (1870), &apos;The Let-Alone Principle&apos; -- Herbert Spencer (1981 [1843]), &apos;The Proper Sphere of Government&apos; -- John Stuart Mill (1909 [1848]), &apos;Of the Grounds and Limits of the Laisser-faire or Non-interference Principle&apos; -- John Maynard Keynes (2012 [1926]), &apos;The End of Laissez-Faire&apos; -- R.G. Tugwell (1932), &apos;The Principle of Planning and the Institution of Laissez Faire&apos; -- J.E. Meade (1954), &apos;External Economies and Diseconomies in a Competitive Situation&apos; -- Paul A. Samuelson (1954), &apos;The Pure Theory of Public Expenditure&apos; -- Francis M. Bator (1958), &apos;The Anatomy of Market Failure&apos; -- George J. Stigler and Paul A. Samuelson (1963), &apos;A Dialogue on the Proper Economic Role of the State&apos; -- Ludwig von Mises (2005), &apos;Liberal Economic Policy&apos; -- Friedrich A. Hayek (1980), &apos;Individualism: True and False&apos; -- R.H. Coase (1959), &apos;The Federal Communications Commission&apos; -- R.H. Coase (1960), &apos;The Problem of Social Cost&apos; -- Murray N. Rothbard (1974), &apos;The Anatomy of the State&apos;</subfield>
  </datafield>
  <datafield tag="650" ind1=" " ind2="0">
    <subfield code="a">Economic policy</subfield>
  </datafield>
  <datafield tag="650" ind1=" " ind2="0">
    <subfield code="a">State, The</subfield>
    <subfield code="x">Economic aspects</subfield>
  </datafield>
  <datafield tag="700" ind1="1" ind2=" ">
    <subfield code="a">Leeson, Peter T.</subfield>
    <subfield code="4">oth</subfield>
  </datafield>
  <datafield tag="710" ind1="2" ind2=" ">
    <subfield code="a">Edward Elgar Publishing</subfield>
    <subfield code="4">oth</subfield>
  </datafield>
  <datafield tag="856" ind1="4" ind2="0">
    <subfield code="u">http://www.elgaronline.com/view/Research_Reviews/9781843763123/9781843763123.xml</subfield>
    <subfield code="x">Verlag; Elgar</subfield>
    <subfield code="3">Volltext</subfield>
  </datafield>
  <datafield tag="912" ind1=" " ind2=" ">
    <subfield code="a">ZDB-1-EWE</subfield>
  </datafield>
  <datafield tag="912" ind1=" " ind2=" ">
    <subfield code="a">ZDB-1-EWE</subfield>
  </datafield>
  <datafield tag="924" ind1="1" ind2=" ">
    <subfield code="a">1772923265</subfield>
    <subfield code="b">DE-206</subfield>
    <subfield code="9">206</subfield>
    <subfield code="c">GBV</subfield>
    <subfield code="d">d</subfield>
  </datafield>
  <datafield tag="951" ind1=" " ind2=" ">
    <subfield code="a">BO</subfield>
  </datafield>
</record>