
<?xml version="1.0" encoding="UTF-8"?>
<record xmlns="http://www.loc.gov/MARC21/slim">
  <leader>     cam a22     2  4500</leader>
  <controlfield tag="001">1023448173</controlfield>
  <controlfield tag="003">DE-627</controlfield>
  <controlfield tag="005">20200305162919.0</controlfield>
  <controlfield tag="007">cr uuu---uuuuu</controlfield>
  <controlfield tag="008">180529s2015    xx |||||o     00| ||eng c</controlfield>
  <datafield tag="020" ind1=" " ind2=" ">
    <subfield code="a">9781784716110</subfield>
    <subfield code="c"> : e-book</subfield>
    <subfield code="9">978-1-78471-611-0</subfield>
  </datafield>
  <datafield tag="035" ind1=" " ind2=" ">
    <subfield code="a">(DE-627)1023448173</subfield>
  </datafield>
  <datafield tag="035" ind1=" " ind2=" ">
    <subfield code="a">(DE-599)GBV1023448173</subfield>
  </datafield>
  <datafield tag="040" ind1=" " ind2=" ">
    <subfield code="a">DE-627</subfield>
    <subfield code="b">ger</subfield>
    <subfield code="c">DE-627</subfield>
    <subfield code="e">rakwb</subfield>
  </datafield>
  <datafield tag="041" ind1=" " ind2=" ">
    <subfield code="a">eng</subfield>
  </datafield>
  <datafield tag="044" ind1=" " ind2=" ">
    <subfield code="c">XA-GB</subfield>
  </datafield>
  <datafield tag="050" ind1=" " ind2="0">
    <subfield code="a">HF1379</subfield>
  </datafield>
  <datafield tag="100" ind1="1" ind2=" ">
    <subfield code="a">Mansfield, Edward D.</subfield>
    <subfield code="4">aut</subfield>
  </datafield>
  <datafield tag="245" ind1="1" ind2="0">
    <subfield code="a">International trade and the new global economy</subfield>
    <subfield code="c">Edward D. Mansfield</subfield>
  </datafield>
  <datafield tag="264" ind1=" " ind2="1">
    <subfield code="a">Cheltenham</subfield>
    <subfield code="b">Edward Elgar Pub. Ltd</subfield>
    <subfield code="c">2015</subfield>
  </datafield>
  <datafield tag="300" ind1=" " ind2=" ">
    <subfield code="a">1 Online-Ressource (1 v)</subfield>
    <subfield code="c">cm</subfield>
  </datafield>
  <datafield tag="336" ind1=" " ind2=" ">
    <subfield code="a">Text</subfield>
    <subfield code="b">txt</subfield>
    <subfield code="2">rdacontent</subfield>
  </datafield>
  <datafield tag="337" ind1=" " ind2=" ">
    <subfield code="a">Computermedien</subfield>
    <subfield code="b">c</subfield>
    <subfield code="2">rdamedia</subfield>
  </datafield>
  <datafield tag="338" ind1=" " ind2=" ">
    <subfield code="a">Online-Ressource</subfield>
    <subfield code="b">cr</subfield>
    <subfield code="2">rdacarrier</subfield>
  </datafield>
  <datafield tag="500" ind1=" " ind2=" ">
    <subfield code="a">The recommended readings are available in the print version, or may be available via the link to your library&apos;s holdings</subfield>
  </datafield>
  <datafield tag="520" ind1=" " ind2=" ">
    <subfield code="a">In recent decades, the international economy has witnessed profound changes. International Trade and the New Global Economy includes key papers on the leading research discussing the links between these changes and international trade. Written by an outstanding set of distinguished economists and political scientists, the seminal papers explored by the research review address the proliferation of preferential trade agreements, the effects of the Great Recession on trade, and mass attitudes about trade and globalization</subfield>
  </datafield>
  <datafield tag="520" ind1=" " ind2=" ">
    <subfield code="a">Recommended readings (Machine generated): Scott L. Baier and Jeffrey H. Bergstrand (2004), &apos;Economic Determinants of Free Trade Agreements&apos; -- Edward D. Mansfield, Helen V. Milner and B. Peter Rosendorff (2002), &apos;Why Democracies Cooperate More: Electoral Control and International Trade Agreements&apos; -- Kerry A. Chase (2003), &apos;Economics Interest and Regional Trading Arrangements: The Case of Nafta&apos; -- Mark S. Manger (2012), &apos;Vertical Trade Specialization and the Formation of North- South PTAs&apos; -- Edward D. Mansfield and Eric Reinhardt (2003), &apos;Multilateral Determinants of Regionalism: The Effects of GATT/WTO on the Formation of Preferential Trading Arrangements&apos; -- Richard Baldwin and Dany Jaimovich (2012), &apos;Are Free Trade Agreements Contagious?&apos; -- Kenneth F. Scheve and Matthew J. Slaughter (2001) &apos;What Determines Individual Trade-Policy Preferences&apos; -- Kevin H. O&apos; Rourke and Richard Sinnott (2001), &apos;The Determinants of Individual Trade Policy Preferences: International Survey Evidence&apos; -- Anna Maria Mayda and Dani Rodrik (2005), &apos;Why are Some People (and countries) More Protectionist than Others?&apos; -- Jude C. Hays, Sean D. Ehrlich and Clint Peinhardt (2005), &apos;Government Spending and Public Support for Trade in the OECD&apos; -- Andy Baker (2003), &apos;Why is Trade Reform so Popular in Latin America? A Consumption- Based Theory of Trade Policy Preferences&apos; -- Jens Hainmueller and Michael J. Hiscox (2003), &apos;Learning to Love Globalization: Education and Individual Attitudes Toward International Trade&apos; -- Edward D. Mansfield and Diana C. Mutz (2009), &apos;Support for Free Trade: Self Interest, Sociotropic Politics, and Out-Group Anxiety&apos; -- Yotam Margalit (2012), &apos;Lost in Globalization: International Economic Integration and the Sources of Popular Discontent&apos; -- Hiau Looi Kee, Cristina Neagu and Alessandro Nicita (2013), &apos;Is Protectionism on the Rise? Assessing National Trade Policies during the Crisis of 2008&apos; -- Chad P. Bown and Meredith A. Crowley (2013), &apos;Import Protection, Business Cycles and Exchange Rates: Evidence from the Great Reccession&apos; -- Kishore Gawande, Bernard Hoekman and Yue Cui (2014), &apos;Global Supply Chains and Trade Policy Responses to the 2008 Crisis&apos; -- Daniel W. Drenzer (2014), &apos;The System Worked: Global Economic Governance During the Great Recession&apos;</subfield>
  </datafield>
  <datafield tag="650" ind1=" " ind2="0">
    <subfield code="a">International trade</subfield>
  </datafield>
  <datafield tag="650" ind1=" " ind2="0">
    <subfield code="a">Globalization</subfield>
    <subfield code="x">Economic aspects</subfield>
  </datafield>
  <datafield tag="655" ind1=" " ind2="0">
    <subfield code="a">Electronic books</subfield>
  </datafield>
  <datafield tag="710" ind1="2" ind2=" ">
    <subfield code="a">Edward Elgar Publishing</subfield>
    <subfield code="4">oth</subfield>
  </datafield>
  <datafield tag="856" ind1="4" ind2="0">
    <subfield code="u">http://www.elgaronline.com/view/Research_Reviews/9781784712594/9781784712594.xml</subfield>
    <subfield code="x">Verlag; Elgar</subfield>
    <subfield code="3">Volltext</subfield>
  </datafield>
  <datafield tag="912" ind1=" " ind2=" ">
    <subfield code="a">ZDB-1-EWE</subfield>
  </datafield>
  <datafield tag="912" ind1=" " ind2=" ">
    <subfield code="a">ZDB-1-EWE</subfield>
  </datafield>
  <datafield tag="924" ind1="1" ind2=" ">
    <subfield code="a">1772923184</subfield>
    <subfield code="b">DE-206</subfield>
    <subfield code="9">206</subfield>
    <subfield code="c">GBV</subfield>
    <subfield code="d">d</subfield>
  </datafield>
  <datafield tag="951" ind1=" " ind2=" ">
    <subfield code="a">BO</subfield>
  </datafield>
</record>