
<?xml version="1.0" encoding="UTF-8"?>
<record xmlns="http://www.loc.gov/MARC21/slim">
  <leader>     cam a22     2  4500</leader>
  <controlfield tag="001">1023448165</controlfield>
  <controlfield tag="003">DE-627</controlfield>
  <controlfield tag="005">20200305162919.0</controlfield>
  <controlfield tag="007">cr uuu---uuuuu</controlfield>
  <controlfield tag="008">180529s2015    xx |||||o     00| ||eng c</controlfield>
  <datafield tag="020" ind1=" " ind2=" ">
    <subfield code="a">9781785362736</subfield>
    <subfield code="c"> : e-book</subfield>
    <subfield code="9">978-1-78536-273-6</subfield>
  </datafield>
  <datafield tag="035" ind1=" " ind2=" ">
    <subfield code="a">(DE-627)1023448165</subfield>
  </datafield>
  <datafield tag="035" ind1=" " ind2=" ">
    <subfield code="a">(DE-599)GBV1023448165</subfield>
  </datafield>
  <datafield tag="040" ind1=" " ind2=" ">
    <subfield code="a">DE-627</subfield>
    <subfield code="b">ger</subfield>
    <subfield code="c">DE-627</subfield>
    <subfield code="e">rakwb</subfield>
  </datafield>
  <datafield tag="041" ind1=" " ind2=" ">
    <subfield code="a">eng</subfield>
  </datafield>
  <datafield tag="044" ind1=" " ind2=" ">
    <subfield code="c">XA-GB</subfield>
  </datafield>
  <datafield tag="050" ind1=" " ind2="0">
    <subfield code="a">HQ734</subfield>
  </datafield>
  <datafield tag="100" ind1="1" ind2=" ">
    <subfield code="a">Grossbard, Soshana A.</subfield>
    <subfield code="4">aut</subfield>
  </datafield>
  <datafield tag="245" ind1="1" ind2="4">
    <subfield code="a">The economics of marriage</subfield>
    <subfield code="c">Shoshana A. Grossbard</subfield>
  </datafield>
  <datafield tag="264" ind1=" " ind2="1">
    <subfield code="a">Cheltenham</subfield>
    <subfield code="b">Edward Elgar Pub. Ltd</subfield>
    <subfield code="c">2015</subfield>
  </datafield>
  <datafield tag="300" ind1=" " ind2=" ">
    <subfield code="a">1 Online-Ressource (1 v)</subfield>
    <subfield code="c">cm</subfield>
  </datafield>
  <datafield tag="336" ind1=" " ind2=" ">
    <subfield code="a">Text</subfield>
    <subfield code="b">txt</subfield>
    <subfield code="2">rdacontent</subfield>
  </datafield>
  <datafield tag="337" ind1=" " ind2=" ">
    <subfield code="a">Computermedien</subfield>
    <subfield code="b">c</subfield>
    <subfield code="2">rdamedia</subfield>
  </datafield>
  <datafield tag="338" ind1=" " ind2=" ">
    <subfield code="a">Online-Ressource</subfield>
    <subfield code="b">cr</subfield>
    <subfield code="2">rdacarrier</subfield>
  </datafield>
  <datafield tag="500" ind1=" " ind2=" ">
    <subfield code="a">The recommended readings are available in the print version, or may be available via the link to your library&apos;s holdings</subfield>
  </datafield>
  <datafield tag="520" ind1=" " ind2=" ">
    <subfield code="a">Shoshana Grossbard, a leading scholar in this field, has selected the most influential classic and recent articles which highlight the economic importance of marriage and related institutions</subfield>
  </datafield>
  <datafield tag="520" ind1=" " ind2=" ">
    <subfield code="a">Pierre-André Chiappori, Bernard Fortin and Guy Lacroix (2002), &apos;Marriage Market, Divorce Legislation, and Household Labor Supply&apos; -- Shoshana Grossbard and Catalina Amuedo-Dorantes (2007), &apos;Cohort-level Sex Ratio Effects on Women&apos;s Labor Force Participation&apos; -- Shoshana Amyra Grossbard, J. Ignacio Gimenez Nadal and José Alberto Molina (2014), &apos;Racial Intermarriage and Household Production&apos; -- Luise Görges (2015), &apos;The Power of Love: A Subtle Driving-Force for Unegalitarian Labor Division?&apos; -- Sanders Korenman and David Neumark (1991), &apos;Does Marriage Really Make Men More Productive?&apos; -- Avner Ahituv and Robert I. Lerman (2011), &apos;Job Turnover, Wage Rates, and Marital Stability: How Are They Related?&apos; -- Marjorie B. McElroy (1990), &apos;The Empirical Content of Nash-Bargained Household Behavior&apos; -- Duncan Thomas (1990), &apos;Intra-Household Resource Allocation: An Inferential Approach&apos; -- Shelly J. Lundberg, Robert A. Pollak and Terence J. Wales (1997), &apos;Do Husbands and Wives Pool Their Resources? Evidence from the United Kingdom Child Benefit&apos; -- Betsey Stevenson and Justin Wolfers (2006), &apos;Bargaining in the Shadow of the Law: Divorce Laws and Family Distress&apos; -- Masanori Kuroki (2014), &apos;The Effect of Sex Ratios on Suicide&apos; -- Frances Woolley (2003), &apos;Control over Money in Marriage&apos; -- Michèle Tertilt (2005), &apos;Polygyny, Fertility, and Savings&apos; -- Wataru Kureishi and Midori Wakabayashi (2013), &apos;What Motivates Single Women to Save? The Case of Japan&apos; -- Julie M. Zissimopoulos, Benjamin R. Karney and Amy J. Rauer (2015), &apos;Marriage and Economic Well-being at Older Ages&apos; -- Jeanne Lafortune (2013), &apos;Making Yourself Attractive: Pre-Marital Investments and the Returns to Education in the Marriage Market&apos; -- George A. Akerlof, Janet L. Yellen and Michael L. Katz (1996), &apos;An Analysis of Out-of-Wedlock Childbearing in the United States&apos;</subfield>
  </datafield>
  <datafield tag="520" ind1=" " ind2=" ">
    <subfield code="a">Recommended readings (Machine generated): Gary S. Becker (1973), &apos;A Theory of Marriage: Part I&apos; -- Gary S. Becker (1974), &apos;A Theory of Marriage: Part II&apos; -- Michael C. Keeley (1977), &apos;The Economics of Family Formation&apos; -- Darrick Hamilton, Arthur H. Goldsmith and William Darity Jr. (2009), &apos;Shedding &quot;Light&quot; on Marriage: The Influence of Skin Shade on Marriage for Black Females&apos; -- Kerwin Kofi Charles and Ming Ching Luoh (2010), &apos;Male Incarceration, the Marriage Market, and Female Outcomes&apos; -- M.V. Lee Badgett, Gary J. Gates and Natalya C. Maisel (2008), &apos;Registered Domestic Partnerships among Gay Men and Lesbians: The Role of Economic Factors&apos; -- Amyra Grossbard (1976), &apos;An Economic Analysis of Polygyny: The Case of Maiduguri&apos; -- Eugene Choo and Aloysius Siow (2006), &apos;Who Marries Whom and Why&apos; -- Günter J. Hitsch, Ali Hortaçsu and Dan Ariely (2010), &apos;Matching and Sorting in Online Dating&apos; -- Pierre-André Chiappori, Sonia Oreffice and Climent Quintana-Domeque (2012), &apos;Fatter Attraction: Anthropometric and Socioeconomic Matching on the Marriage Market&apos; -- Martin Bronfenbrenner (1971), &apos;A Note on the Economics of the Marriage Market&apos; -- Siwan Anderson (2007), &apos;The Economics of Dowry and Brideprice&apos; -- Anne Laferrère (2001), &apos;Marriage Settlements&apos; -- Evelyn L. Lehrer (2003), &apos;The Economics of Divorce&apos; -- Justin Wolfers (2006), &apos;Did Unilateral Divorce Laws Raise Divorce Rates? A Reconciliation and New Results&apos; -- Barbara R. Bergmann (1995), &apos;Becker&apos;s Theory of the Family: Preposterous Conclusions&apos; -- Eric D. Gould, Omer Moav and Avi Simhon (2008), &apos;The Mystery of Monogamy&apos; -- Shoshana A. Grossbard-Shechtman and Shoshana Neuman (1988), &apos;Women&apos;s Labor Supply and Marital Choice&apos; -- P.F. Apps and R. Rees (1996), &apos;Labour Supply, Household Production and Intra-family Welfare Distribution&apos;</subfield>
  </datafield>
  <datafield tag="650" ind1=" " ind2="0">
    <subfield code="a">Marriage</subfield>
    <subfield code="x">Economic aspects</subfield>
  </datafield>
  <datafield tag="655" ind1=" " ind2="0">
    <subfield code="a">Electronic books</subfield>
  </datafield>
  <datafield tag="710" ind1="2" ind2=" ">
    <subfield code="a">Edward Elgar Publishing</subfield>
    <subfield code="4">oth</subfield>
  </datafield>
  <datafield tag="856" ind1="4" ind2="0">
    <subfield code="u">http://www.elgaronline.com/view/Research_Reviews/9781784710248/9781784710248.xml</subfield>
    <subfield code="x">Verlag; Elgar</subfield>
    <subfield code="3">Volltext</subfield>
  </datafield>
  <datafield tag="912" ind1=" " ind2=" ">
    <subfield code="a">ZDB-1-EWE</subfield>
  </datafield>
  <datafield tag="912" ind1=" " ind2=" ">
    <subfield code="a">ZDB-1-EWE</subfield>
  </datafield>
  <datafield tag="924" ind1="1" ind2=" ">
    <subfield code="a">1772923176</subfield>
    <subfield code="b">DE-206</subfield>
    <subfield code="9">206</subfield>
    <subfield code="c">GBV</subfield>
    <subfield code="d">d</subfield>
  </datafield>
  <datafield tag="951" ind1=" " ind2=" ">
    <subfield code="a">BO</subfield>
  </datafield>
</record>