
<?xml version="1.0" encoding="UTF-8"?>
<record xmlns="http://www.loc.gov/MARC21/slim">
  <leader>     cam a22     2  4500</leader>
  <controlfield tag="001">1023448157</controlfield>
  <controlfield tag="003">DE-627</controlfield>
  <controlfield tag="005">20200305162920.0</controlfield>
  <controlfield tag="007">cr uuu---uuuuu</controlfield>
  <controlfield tag="008">180529s2015    xx |||||o     00| ||eng c</controlfield>
  <datafield tag="020" ind1=" " ind2=" ">
    <subfield code="a">9781784715830</subfield>
    <subfield code="c"> : e-book</subfield>
    <subfield code="9">978-1-78471-583-0</subfield>
  </datafield>
  <datafield tag="035" ind1=" " ind2=" ">
    <subfield code="a">(DE-627)1023448157</subfield>
  </datafield>
  <datafield tag="035" ind1=" " ind2=" ">
    <subfield code="a">(DE-599)GBV1023448157</subfield>
  </datafield>
  <datafield tag="040" ind1=" " ind2=" ">
    <subfield code="a">DE-627</subfield>
    <subfield code="b">ger</subfield>
    <subfield code="c">DE-627</subfield>
    <subfield code="e">rakwb</subfield>
  </datafield>
  <datafield tag="041" ind1=" " ind2=" ">
    <subfield code="a">eng</subfield>
  </datafield>
  <datafield tag="044" ind1=" " ind2=" ">
    <subfield code="c">XA-GB</subfield>
  </datafield>
  <datafield tag="050" ind1=" " ind2="0">
    <subfield code="a">HG3891</subfield>
  </datafield>
  <datafield tag="245" ind1="1" ind2="0">
    <subfield code="a">Capital controls</subfield>
    <subfield code="c">edited by Jonathan D. Ostry, Atish R. Ghosh and Mahvash S. Qureshi</subfield>
  </datafield>
  <datafield tag="264" ind1=" " ind2="1">
    <subfield code="a">Cheltenham</subfield>
    <subfield code="b">Edward Elgar Pub. Ltd</subfield>
    <subfield code="c">2015</subfield>
  </datafield>
  <datafield tag="300" ind1=" " ind2=" ">
    <subfield code="a">1 Online-Ressource (1 v)</subfield>
    <subfield code="c">cm</subfield>
  </datafield>
  <datafield tag="336" ind1=" " ind2=" ">
    <subfield code="a">Text</subfield>
    <subfield code="b">txt</subfield>
    <subfield code="2">rdacontent</subfield>
  </datafield>
  <datafield tag="337" ind1=" " ind2=" ">
    <subfield code="a">Computermedien</subfield>
    <subfield code="b">c</subfield>
    <subfield code="2">rdamedia</subfield>
  </datafield>
  <datafield tag="338" ind1=" " ind2=" ">
    <subfield code="a">Online-Ressource</subfield>
    <subfield code="b">cr</subfield>
    <subfield code="2">rdacarrier</subfield>
  </datafield>
  <datafield tag="500" ind1=" " ind2=" ">
    <subfield code="a">The recommended readings are available in the print version, or may be available via the link to your library&apos;s holdings</subfield>
  </datafield>
  <datafield tag="520" ind1=" " ind2=" ">
    <subfield code="a">The global financial crisis and its aftermath saw boom-bust cycles in cross-border capital flows of astounding magnitude. Issues of capital account liberalization and the imposition of capital controls are back in the headlines, and on researchers&apos; agendas. This comprehensive and timely research review covers many of the themes central to the issue of capital account liberalization, and provides a balanced assessment of the role that capital controls might play in the effective management of capital flows to reap their benefits</subfield>
  </datafield>
  <datafield tag="520" ind1=" " ind2=" ">
    <subfield code="a">Kristin J. Forbes (2007), &apos;One Cost of the Chilean Capital Controls: Increased Financial Constraints for Smaller Traded Firms&apos; -- Jonathan D. Ostry, Atish R. Ghosh, Marcos Chamon and Mahvash S. Qureshi (2012), &apos;Tools for Managing Financial-Stability Risks from Capital Inflows&apos; -- Hali Edison and Carmen M. Reinhart (2001), &apos;Stopping Hot Money&apos; -- Sebastian Edwards (1999), &apos;How Effective are Capital Controls?&apos; -- Martin Feldstein and Charles Horioka (1980), &apos;Domestic Saving and International Capital Flows&apos; -- Atish R. Ghosh (1995), &apos;International Capital Mobility Amongst the Major Industrialised Countries: Too Little or Too Much?&apos; -- Menzie D. Chinn and Hiro Ito (2006), &apos;What Matters for Financial Development? Capital Controls, Institutions, and Interactions&apos;</subfield>
  </datafield>
  <datafield tag="520" ind1=" " ind2=" ">
    <subfield code="a">Rod Falvey and Cha Dong Kim (1992), &apos;Timing and Sequencing Issues in Trade Liberalisation&apos; -- Guillermo A. Calvo (1988), &apos;Costly Trade Liberalizations: Durable Goods and Capital Mobility&apos; -- Ronald I. McKinnon and Huw Pill (1997), &apos;Credible Economic Liberalizations and Overborrowing&apos; -- Masaya Sakuragawa and Koichi Hamada (2001), &apos;Capital Flight, North-South Lending, and Stages of Economic Development&apos; -- Leonardo Bartolini and Allan Drazen (1997), &apos;Capital-Account Liberalization as a Signal&apos; -- Vittorio Grilli and Gian Maria Milesi-Ferretti (1995), &apos;Economic Effects and Structural Determinants of Capital Controls&apos; -- Richard N. Cooper (1999), &apos;Should Capital Controls be Banished?&apos; -- James Tobin (1996), &apos;A Currency Transactions Tax, Why and How&apos; -- Olivier Jeanne and Anton Korinek (2010), &apos;Excessive Volatility in Capital Flows: A Pigouvian Taxation Approach&apos; -- Jonathan D. Ostry, Atish R. Ghosh, Marcos Chamon and Mahvash S. Quresih (2011), &apos;Capital Controls: When and Why?&apos; -- Carmen M. Reinhart and R. Todd Smith (2002), &apos;Temporary Controls on Capital Inflows&apos; -- Peter Garber and Mark P. Taylor (1995), &apos;Sand in the Wheels of Foreign Exchange Markets: A Skeptical Note&apos; -- Michael P. Dooley (1996), &apos;Capital Controls and Emerging Markets&apos; -- Harris Dellas and Alan Stockman (1993), &apos;Self-Fulfilling Expectations, Speculative Attack, and Capital Controls&apos; -- Daniel Gros (1992), &apos;Capital Controls and Foreign Exchange Market Crises in the EMS&apos; -- Mihir A. Desai, C. Fritz Foley and James R. Hines Jr. (2006), &apos;Capital Controls, Liberalizations, and Foreign Direct Investment&apos; -- Sebastian Edwards and Roberto Rigobon (2009), &apos;Capital Controls on Inflows, Exchange Rate Volatility and External Vulnerability&apos; -- José De Gregorio, Sebastian Edwards and Rodrigo O. Valdés (2000), &apos;Controls on Capital Inflows: Do They Work?&apos; -- Eliana Cardoso and Ilan Goldfajn (1998), &apos;Capital Flows to Brazil: The Endogeneity of Capital Controls&apos;</subfield>
  </datafield>
  <datafield tag="520" ind1=" " ind2=" ">
    <subfield code="a">Recommended readings (Machine generated): Herbert G. Grubel (1968), &apos;Internationally Diversified Portfolios: Welfare Gains and Capital Flows&apos; -- Alan C. Stockman and Alejandro Hernández D. (1988), &apos;Exchange Controls, Capital Controls, and International Financial Markets&apos; -- Maurice Obstfeld (1995), &apos;Risk-Taking, Global Diversification, and Growth&apos; -- Vihang Errunza and Etienne Losq (1989), &apos;Capital Flow Controls, International Asset Pricing, and Investors&apos; Welfare: A Multi-Country Framework&apos; -- Sebastian Edwards and Jonathan D. Ostry (1992), &apos;Terms of Trade Disturbances, Real Exchange Rates, and Welfare: The Role of Capital Controls and Labor Market Distortions&apos; -- Harris Dellas and Oded Galor (1992), &apos;Growth via External Public Debt and Capital Controls&apos; -- Dani Rodrik and Arvind Subramanian (2009), &apos;Why Did Financial Globalization Disappoint?&apos; -- Pierre-Olivier Gourinchas and Olivier Jeanne (2006), &apos;The Elusive Gains from International Financial Integration&apos; -- Dennis P. Quinn and A. Maria Toyoda (2008), &apos;Does Capital Account Liberalization Lead to Economic Growth?&apos; -- Alessandra Bonfiglioli (2008), &apos;Financial Integration, Productivity and Capital Accumulation&apos; -- Hali J. Edison, Ross Levine, Luca Ricci and Torsten Sløk (2002), &apos;International Financial Integration and Economic Growth&apos; -- Graciela Laura Kaminsky and Sergio L. Schmukler (2008), &apos;Short-Run Pain, Long-Run Gain: Financial Liberalization and Stock Market Cycles&apos; -- M. Ayhan Kose, Eswar E. Prasad and Marco E. Terrones (2009), &apos;Does Financial Globalization Promote Risk Sharing?&apos; -- Ross Levine (2001), &apos;International Financial Liberalization and Economic Growth&apos; -- E. Borensztein, J. De Gregorio and J. Lee (1998), &apos;How Does Foreign Direct Investment Affect Economic Growth&apos; -- Brian J. Aitken and Ann E. Harrison (1999), &apos;Do Domestic Firms Benefit from Direct Foreign Investment? Evidence from Venezuela&apos; -- Ronald I. McKinnon (1973), &apos;The Transition: Exchange-Rate Flexibility and the Role of Foreign Capital&apos; -- Dani Rodrik (1987), &apos;Trade and Capital-Account Liberalization in a Keynesian Economy&apos; -- Sebastian Edwards and Sweder van Wijnbergen (1986), &apos;The Welfare Effects of Trade and Capital Market Liberalization&apos;</subfield>
  </datafield>
  <datafield tag="650" ind1=" " ind2="0">
    <subfield code="a">Monetary policy</subfield>
  </datafield>
  <datafield tag="650" ind1=" " ind2="0">
    <subfield code="a">Capital movements</subfield>
  </datafield>
  <datafield tag="655" ind1=" " ind2="0">
    <subfield code="a">Electronic books</subfield>
  </datafield>
  <datafield tag="700" ind1="1" ind2=" ">
    <subfield code="a">Ghosh, Atish R.</subfield>
    <subfield code="4">oth</subfield>
  </datafield>
  <datafield tag="700" ind1="1" ind2=" ">
    <subfield code="a">Ostry, Jonathan D.</subfield>
    <subfield code="4">oth</subfield>
  </datafield>
  <datafield tag="700" ind1="1" ind2=" ">
    <subfield code="a">Qureshi, Mahvash S.</subfield>
    <subfield code="4">oth</subfield>
  </datafield>
  <datafield tag="710" ind1="2" ind2=" ">
    <subfield code="a">Edward Elgar Publishing</subfield>
    <subfield code="4">oth</subfield>
  </datafield>
  <datafield tag="856" ind1="4" ind2="0">
    <subfield code="u">http://www.elgaronline.com/view/Research_Reviews/9781783479498/9781783479498.xml</subfield>
    <subfield code="x">Verlag; Elgar</subfield>
    <subfield code="3">Volltext</subfield>
  </datafield>
  <datafield tag="912" ind1=" " ind2=" ">
    <subfield code="a">ZDB-1-EWE</subfield>
  </datafield>
  <datafield tag="912" ind1=" " ind2=" ">
    <subfield code="a">ZDB-1-EWE</subfield>
  </datafield>
  <datafield tag="924" ind1="1" ind2=" ">
    <subfield code="a">1772923168</subfield>
    <subfield code="b">DE-206</subfield>
    <subfield code="9">206</subfield>
    <subfield code="c">GBV</subfield>
    <subfield code="d">d</subfield>
  </datafield>
  <datafield tag="951" ind1=" " ind2=" ">
    <subfield code="a">BO</subfield>
  </datafield>
</record>