
<?xml version="1.0" encoding="UTF-8"?>
<record xmlns="http://www.loc.gov/MARC21/slim">
  <leader>     cam a22     2  4500</leader>
  <controlfield tag="001">1023448149</controlfield>
  <controlfield tag="003">DE-627</controlfield>
  <controlfield tag="005">20200305162921.0</controlfield>
  <controlfield tag="007">cr uuu---uuuuu</controlfield>
  <controlfield tag="008">180529s2015    xx |||||o     00| ||eng c</controlfield>
  <datafield tag="020" ind1=" " ind2=" ">
    <subfield code="a">9781784716219</subfield>
    <subfield code="c"> : e-book</subfield>
    <subfield code="9">978-1-78471-621-9</subfield>
  </datafield>
  <datafield tag="035" ind1=" " ind2=" ">
    <subfield code="a">(DE-627)1023448149</subfield>
  </datafield>
  <datafield tag="035" ind1=" " ind2=" ">
    <subfield code="a">(DE-599)GBV1023448149</subfield>
  </datafield>
  <datafield tag="040" ind1=" " ind2=" ">
    <subfield code="a">DE-627</subfield>
    <subfield code="b">ger</subfield>
    <subfield code="c">DE-627</subfield>
    <subfield code="e">rakwb</subfield>
  </datafield>
  <datafield tag="041" ind1=" " ind2=" ">
    <subfield code="a">eng</subfield>
  </datafield>
  <datafield tag="044" ind1=" " ind2=" ">
    <subfield code="c">XA-GB</subfield>
  </datafield>
  <datafield tag="050" ind1=" " ind2="0">
    <subfield code="a">HF3752.3</subfield>
  </datafield>
  <datafield tag="084" ind1=" " ind2=" ">
    <subfield code="a">QM 000</subfield>
    <subfield code="q">HBZ</subfield>
    <subfield code="2">rvk</subfield>
  </datafield>
  <datafield tag="100" ind1="1" ind2=" ">
    <subfield code="a">Pomfret, Richard</subfield>
    <subfield code="4">aut</subfield>
  </datafield>
  <datafield tag="245" ind1="1" ind2="0">
    <subfield code="a">Trade in Asia</subfield>
    <subfield code="c">Richard Pomfret</subfield>
  </datafield>
  <datafield tag="264" ind1=" " ind2="1">
    <subfield code="a">Cheltenham</subfield>
    <subfield code="b">Edward Elgar Pub. Ltd</subfield>
    <subfield code="c">2015</subfield>
  </datafield>
  <datafield tag="300" ind1=" " ind2=" ">
    <subfield code="a">1 Online-Ressource (1 v)</subfield>
    <subfield code="c">cm</subfield>
  </datafield>
  <datafield tag="336" ind1=" " ind2=" ">
    <subfield code="a">Text</subfield>
    <subfield code="b">txt</subfield>
    <subfield code="2">rdacontent</subfield>
  </datafield>
  <datafield tag="337" ind1=" " ind2=" ">
    <subfield code="a">Computermedien</subfield>
    <subfield code="b">c</subfield>
    <subfield code="2">rdamedia</subfield>
  </datafield>
  <datafield tag="338" ind1=" " ind2=" ">
    <subfield code="a">Online-Ressource</subfield>
    <subfield code="b">cr</subfield>
    <subfield code="2">rdacarrier</subfield>
  </datafield>
  <datafield tag="500" ind1=" " ind2=" ">
    <subfield code="a">The recommended readings are available in the print version, or may be available via the link to your library&apos;s holdings</subfield>
  </datafield>
  <datafield tag="520" ind1=" " ind2=" ">
    <subfield code="a">This comprehensive research review discusses seminal contributions that have increased our understanding of trade in Asia. Early debates centered on the advantages and disadvantages of joining the global economy as exporters to the high-income countries, while trade within Asia was of minor importance. Increasingly, however, trade spilled across Asian borders, and as production chains became more complex attention has shifted towards the organization of international trade within Asia and specifically the operation of global or regional value chains. The review examines the wider literature and will serve as a valuable resource for researchers, students and practitioners</subfield>
  </datafield>
  <datafield tag="520" ind1=" " ind2=" ">
    <subfield code="a">Miriam Manchin and Annette O. Pelkmans-Balaoing (2008), &apos;Clothes Without an Emperor: Analysis of the Preferential Tariffs in ASEAN&apos;, Journal of Asian Economics, 19 (3), June, 213-23 -- Peter A. Petri, Michael G. Plummer and Fan Zhai (2012), &apos;ASEAN Economic Community: A General Equilibrium Analysis&apos;, Asian Economic Journal, 26 (2), 93-118 -- Guillaume Gaulier, Françoise Lemoine and Deniz Ünal-Kesenci (2007), &apos;China&apos;s Emergence and the Reorganisation of Trade Flows in Asia&apos;, China Economic Review, 18 (3), 209-43 -- Prema-Chandra Athukorala (2008), &apos;Singapore and ASEAN in the New Regional Division of Labor&apos;, Singapore Economic Review, 53 (3), December, 479-508 -- Prema-Chandra Athukorala (2011), &apos;Production Networks and Trade Patterns in East Asia: Regionalization or Globalization?&apos;, Asian Economic Papers, 10 (1), Winter/Spring, 65-95</subfield>
  </datafield>
  <datafield tag="520" ind1=" " ind2=" ">
    <subfield code="a">Recommended readings (Machine generated): Kaname Akamatsu (1961), &apos;A Theory of Unbalanced Growth in the World Economy&apos;, Review of World Economics, 86 (3), 196-217 -- Kiyoshi Kojima (2000), &apos;The &quot;Flying Geese&quot; Model of Asian Economic Development: Origin, Theoretical Extensions, and Regional Policy Implications&apos;, Journal of Asian Economics, 11 (4), Autumn, 375-401 -- James Riedel (1988), &apos;Economic Development in East Asia: Doing What Comes Naturally?&apos;, in Helen Hughes (ed.), Achieving Industrialization in East Asia, Chapter 1, Cambridge, UK and New York, NY: Cambridge University Press, 1-38, references -- William R. Cline (1982), &apos;Can the East Asian Model of Development be Generalized?&apos;, World Development, 10 (2), February, 81-90 -- Gustav Ranis (1985), &apos;Can the East Asian Model of Development Be Generalized? A Comment&apos;, World Development, 13 (4), April, 543-5 -- World Bank (1993), &apos;Overview: The Making of a Miracle&apos;, in The East Asian Miracle: Economic Growth and Public Policy, New York, NY: Published for the World Bank by Oxford University Press, 1-26, references -- Mary Amiti and Jozef Konings (2007), &apos;Trade Liberalization, Intermediate Inputs, and Productivity: Evidence from Indonesia&apos;, American Economic Review, 97 (5), December, 1611-38 -- Bee Yan Aw, Sukkyun Chung and Mark J. Roberts (2000), &apos;Productivity and Turnover in the Export Market: Micro-Level Evidence from the Republic of Korea and Taiwan (China)&apos;, World Bank Economic Review, 14 (1), January, 65-90 -- G.K. Helleiner (1973), &apos;Manufactured Exports from Less-Developed Countries and Multinational Firms&apos;, Economic Journal, 83 (329), March, 21-47 -- Gary Gereffi (1999), &apos;International Trade and Industrial Upgrading in the Apparel Commodity Chain&apos;, Journal of International Economics, 48 (1), June, 37-70 -- Chia Siow Yue and Lee Tsao Yuan (1993), &apos;Subregional Economic Zones: A New Motive Force in Asia-Pacific Development&apos;, in C. Fred Bergsten and Marcus Noland (eds), Pacific Dynamism and the International Economic System, Chapter 7, Washington, DC: Institute for International Economics in association with The Pacific Trade and Development Conference Secretariat, 225-69 -- Richard Pomfret (1996), &apos;Sub-regional Economic Zones&apos;, in Bijit Bora and Christopher Findlay (eds), Regional Integration and the Asia-Pacific, Chapter 14, Oxford University Press: Melbourne, 207-22, references -- Christopher M. Dent and Peter Richter (2011), &apos;Sub-Regional Cooperation and Developmental Regionalism: The Case of BIMP-EAGA&apos;, Contemporary Southeast Asia, 33 (1), April, 29-55 -- Peter A. Petri (1993), &apos;The East Asian Trading Bloc: An Analytical History&apos;, in Jeffrey A. Frankel and Miles Kahler (eds), Regionalism and Rivalry: Japan and the United States in Pacific Asia, Chapter 1, Chicago, IL and London, UK: University of Chicago Press, 21-52 -- Peter Drysdale, Andrew Elek and Hadi Soesastro (1998), &apos;Open Regionalism: The Nature of Asia Pacific Integration&apos;, in Peter Drysdale and David Vines (eds), Europe, East Asia and APEC: A Shared Global Agenda?, Chapter 5, Cambridge, UK and Melbourne, Australia: Cambridge University Press, 103-35 -- M. Kabir Hassan (2001), &apos;Is SAARC a Viable Economic Block? Evidence from Gravity Model&apos;, Journal of Asian Economics, 12 (2), Summer, 263-90 -- Jayant Menon (2007), &apos;Bilateral Trade Agreements&apos;, Asian-Pacific Economic Literature, 21 (2), November, 29-47 -- Richard Pomfret (2009), &apos;Regionalism in the Asia-Pacific Region: How Wide, How Deep?&apos;, Journal of the Korean Economy, 10 (3), December, 285-306 -- John Ravenhill (2009), &apos;East Asian Regionalism: Much Ado about Nothing?&apos;, Review of International Studies, 35, Supplement, February, 215-35 -- Mari Pangestu, Hadi Soesastro and Mubariq Ahmad (1992), &apos;A New Look at Intra-ASEAN Economic Co-operation&apos;, ASEAN Economic Bulletin, 8 (3), March, 333-52</subfield>
  </datafield>
  <datafield tag="651" ind1=" " ind2="0">
    <subfield code="a">Asia</subfield>
    <subfield code="x">Commerce</subfield>
  </datafield>
  <datafield tag="655" ind1=" " ind2="0">
    <subfield code="a">Electronic books</subfield>
  </datafield>
  <datafield tag="710" ind1="2" ind2=" ">
    <subfield code="a">Edward Elgar Publishing</subfield>
    <subfield code="4">oth</subfield>
  </datafield>
  <datafield tag="856" ind1="4" ind2="0">
    <subfield code="u">http://www.elgaronline.com/view/Research_Reviews/9781783479481/9781783479481.xml</subfield>
    <subfield code="x">Verlag; Elgar</subfield>
    <subfield code="3">Volltext</subfield>
  </datafield>
  <datafield tag="912" ind1=" " ind2=" ">
    <subfield code="a">ZDB-1-EWE</subfield>
  </datafield>
  <datafield tag="912" ind1=" " ind2=" ">
    <subfield code="a">ZDB-1-EWE</subfield>
  </datafield>
  <datafield tag="924" ind1="1" ind2=" ">
    <subfield code="a">177292315X</subfield>
    <subfield code="b">DE-206</subfield>
    <subfield code="9">206</subfield>
    <subfield code="c">GBV</subfield>
    <subfield code="d">d</subfield>
  </datafield>
  <datafield tag="951" ind1=" " ind2=" ">
    <subfield code="a">BO</subfield>
  </datafield>
</record>