
<?xml version="1.0" encoding="UTF-8"?>
<record xmlns="http://www.loc.gov/MARC21/slim">
  <leader>     cam a22     2  4500</leader>
  <controlfield tag="001">1023448130</controlfield>
  <controlfield tag="003">DE-627</controlfield>
  <controlfield tag="005">20200305162922.0</controlfield>
  <controlfield tag="007">cr uuu---uuuuu</controlfield>
  <controlfield tag="008">180529s2015    xx |||||o     00| ||eng c</controlfield>
  <datafield tag="020" ind1=" " ind2=" ">
    <subfield code="a">9781784716424</subfield>
    <subfield code="c"> : e-book</subfield>
    <subfield code="9">978-1-78471-642-4</subfield>
  </datafield>
  <datafield tag="035" ind1=" " ind2=" ">
    <subfield code="a">(DE-627)1023448130</subfield>
  </datafield>
  <datafield tag="035" ind1=" " ind2=" ">
    <subfield code="a">(DE-599)GBV1023448130</subfield>
  </datafield>
  <datafield tag="040" ind1=" " ind2=" ">
    <subfield code="a">DE-627</subfield>
    <subfield code="b">ger</subfield>
    <subfield code="c">DE-627</subfield>
    <subfield code="e">rakwb</subfield>
  </datafield>
  <datafield tag="041" ind1=" " ind2=" ">
    <subfield code="a">eng</subfield>
  </datafield>
  <datafield tag="044" ind1=" " ind2=" ">
    <subfield code="c">XA-GB</subfield>
  </datafield>
  <datafield tag="050" ind1=" " ind2="0">
    <subfield code="a">HF2580.9</subfield>
  </datafield>
  <datafield tag="100" ind1="1" ind2=" ">
    <subfield code="a">Goldberg, Pinelopi Koujianou</subfield>
    <subfield code="4">aut</subfield>
  </datafield>
  <datafield tag="245" ind1="1" ind2="0">
    <subfield code="a">Trade and inequality</subfield>
    <subfield code="c">Pinelopi K. Goldberg</subfield>
  </datafield>
  <datafield tag="264" ind1=" " ind2="1">
    <subfield code="a">Cheltenham</subfield>
    <subfield code="b">Edward Elgar Pub. Ltd</subfield>
    <subfield code="c">2015</subfield>
  </datafield>
  <datafield tag="300" ind1=" " ind2=" ">
    <subfield code="a">1 Online-Ressource (1 v)</subfield>
    <subfield code="c">cm</subfield>
  </datafield>
  <datafield tag="336" ind1=" " ind2=" ">
    <subfield code="a">Text</subfield>
    <subfield code="b">txt</subfield>
    <subfield code="2">rdacontent</subfield>
  </datafield>
  <datafield tag="337" ind1=" " ind2=" ">
    <subfield code="a">Computermedien</subfield>
    <subfield code="b">c</subfield>
    <subfield code="2">rdamedia</subfield>
  </datafield>
  <datafield tag="338" ind1=" " ind2=" ">
    <subfield code="a">Online-Ressource</subfield>
    <subfield code="b">cr</subfield>
    <subfield code="2">rdacarrier</subfield>
  </datafield>
  <datafield tag="500" ind1=" " ind2=" ">
    <subfield code="a">The recommended readings are available in the print version, or may be available via the link to your library&apos;s holdings</subfield>
  </datafield>
  <datafield tag="520" ind1=" " ind2=" ">
    <subfield code="a">This volume brings together the most influential theoretical and empirical contributions to the topic of trade and inequality from recent years. Segregating it into four key areas, the collection forms a comprehensive study of the subject, targeted at academic readers familiar with the main trade models and empirical methods used in economics. The first two parts cover empirical evidence on trade and inequality in developed and developing countries, while the third and fourth sections confront transition dynamics following trade liberalization and new theoretical contributions inspired by the previously-discussed empirical evidence, respectively. Presented with an extensive original introduction by the editor, Trade and Inequality will be an invaluable tool in the study of this field to advanced undergraduate students, graduate students and faculty alike</subfield>
  </datafield>
  <datafield tag="520" ind1=" " ind2=" ">
    <subfield code="a">Elhanan Helpman, Oleg Itskhoki, Stephen Redding (2010), &apos;Inequality and Unemployment in a Global Economy&apos; -- Pol Antràs, Luis Garicano and Esteban Rossi-Hansberg (2006), &apos;Offshoring in a Knowledge Economy&apos; -- Arnaud Costinot, Jonathan Vogel and Su Wang (2012), &apos;Global Supply Chains and Wage Inequality&apos;</subfield>
  </datafield>
  <datafield tag="520" ind1=" " ind2=" ">
    <subfield code="a">Recommended readings (Machine generated): Adrian Wood (1995), &apos;How Trade Hurt Unskilled Workers&apos; -- Amit Khandelwal (2010), &apos;The Long and Short (of) Quality Ladders&apos; -- David H. Autor, David Dorn and Gordon H. Hanson (2013), &apos;The China Syndrome: Local Labor Market Effects of Import Competition in the United States&apos; -- Robert C. Feenstra and Gordon H. Hanson (1999), &apos;The Impact of Outsourcing and High-Technology Capital on Wages: Estimates for the United States, 1979-1990&apos; -- David Hummels, Rasmus Jørgensen, Jakob Munch and Chong Xiang (2014), &apos;The Wage Effects of Offshoring: Evidence from Danish Matched Worker-Firm Data&apos; -- Maarten Goos, Alan Manning and Anna Salomons (2014), &apos;Explaining Job Polarization: Routine-Biased Technological Change and Offshoring&apos; -- Orazio Attanasio, Pinelopi K. Goldberg and Nina Pavcnik (2004), &apos;Trade Reforms and Wage Inequality in Colombia&apos; -- Guido G. Porto (2006), &apos;Using Survey Data to Assess the Distributional Effects of Trade Policy&apos; -- Pinelopi Koujianou Goldberg and Nina Pavcnik (2005), &apos;Trade, Wages, and the Political Economy of Trade Protection: Evidence from the Colombian Trade Reforms&apos; -- Petia Topalova (2010), &apos;Factor Immobility and Regional Impacts of Trade Liberalization: Evidence on Poverty from India&apos; -- Brian K. Kovak (2013), &apos;Regional Effects of Trade Reform: What Is the Correct Measure of Liberalization?&apos; -- Pinelopi Koujianou Goldberg and Nina Pavcnik (2003), &apos;The Response of the Informal Sector to Trade Liberalization&apos; -- Eric A. Verhoogen (2008), &apos;Trade, Quality Upgrading and Wage Inequality in the Mexican Manufacturing Sector&apos; -- Irene Brambilla, Daniel Lederman and Guido Porto (2012), &apos;Exports, Export Destinations, and Skills&apos; -- Brian McCaig (2011), &apos;Exporting Out of Poverty: Provincial Poverty in Vietnam and U.S. Market Access&apos; -- Erhan Artuç, Shubham Chaudhuri and John McLaren (2010), &apos;Trade Shocks and Labor Adjustment: A Structural Empirical Approach&apos; -- Rafael Dix-Carneiro (2014), &apos;Trade Liberalization and Labor Market Dynamics&apos; -- Gueorgui Kambourov (2009), &apos;Labour Market Regulations and the Sectoral Reallocation of Workers: The Case of Trade Reforms&apos; -- Arnaud Costinot and Jonathan Vogel (2010), &apos;Matching and Inequality in the World Economy&apos;</subfield>
  </datafield>
  <datafield tag="650" ind1=" " ind2="0">
    <subfield code="a">Free trade</subfield>
    <subfield code="z">Developing countries</subfield>
  </datafield>
  <datafield tag="650" ind1=" " ind2="0">
    <subfield code="a">Income distribution</subfield>
    <subfield code="z">Developing countries</subfield>
  </datafield>
  <datafield tag="655" ind1=" " ind2="0">
    <subfield code="a">Electronic books</subfield>
  </datafield>
  <datafield tag="710" ind1="2" ind2=" ">
    <subfield code="a">Edward Elgar Publishing</subfield>
    <subfield code="4">oth</subfield>
  </datafield>
  <datafield tag="856" ind1="4" ind2="0">
    <subfield code="u">http://www.elgaronline.com/view/Research_Reviews/9781783479474/9781783479474.xml</subfield>
    <subfield code="x">Verlag; Elgar</subfield>
    <subfield code="3">Volltext</subfield>
  </datafield>
  <datafield tag="912" ind1=" " ind2=" ">
    <subfield code="a">ZDB-1-EWE</subfield>
  </datafield>
  <datafield tag="912" ind1=" " ind2=" ">
    <subfield code="a">ZDB-1-EWE</subfield>
  </datafield>
  <datafield tag="924" ind1="1" ind2=" ">
    <subfield code="a">1772923141</subfield>
    <subfield code="b">DE-206</subfield>
    <subfield code="9">206</subfield>
    <subfield code="c">GBV</subfield>
    <subfield code="d">d</subfield>
  </datafield>
  <datafield tag="951" ind1=" " ind2=" ">
    <subfield code="a">BO</subfield>
  </datafield>
</record>