
<?xml version="1.0" encoding="UTF-8"?>
<record xmlns="http://www.loc.gov/MARC21/slim">
  <leader>     cam a22     2  4500</leader>
  <controlfield tag="001">1023448122</controlfield>
  <controlfield tag="003">DE-627</controlfield>
  <controlfield tag="005">20200305162922.0</controlfield>
  <controlfield tag="007">cr uuu---uuuuu</controlfield>
  <controlfield tag="008">180529s2015    xx |||||o     00| ||eng c</controlfield>
  <datafield tag="020" ind1=" " ind2=" ">
    <subfield code="a">9781784716387</subfield>
    <subfield code="c"> : e-book</subfield>
    <subfield code="9">978-1-78471-638-7</subfield>
  </datafield>
  <datafield tag="035" ind1=" " ind2=" ">
    <subfield code="a">(DE-627)1023448122</subfield>
  </datafield>
  <datafield tag="035" ind1=" " ind2=" ">
    <subfield code="a">(DE-599)GBV1023448122</subfield>
  </datafield>
  <datafield tag="040" ind1=" " ind2=" ">
    <subfield code="a">DE-627</subfield>
    <subfield code="b">ger</subfield>
    <subfield code="c">DE-627</subfield>
    <subfield code="e">rakwb</subfield>
  </datafield>
  <datafield tag="041" ind1=" " ind2=" ">
    <subfield code="a">eng</subfield>
  </datafield>
  <datafield tag="044" ind1=" " ind2=" ">
    <subfield code="c">XA-GB</subfield>
  </datafield>
  <datafield tag="050" ind1=" " ind2="0">
    <subfield code="a">HG3968</subfield>
  </datafield>
  <datafield tag="100" ind1="1" ind2=" ">
    <subfield code="a">Connell, John</subfield>
    <subfield code="4">aut</subfield>
  </datafield>
  <datafield tag="245" ind1="1" ind2="0">
    <subfield code="a">Migration and remittances</subfield>
    <subfield code="c">John Connell and Richard P.C. Brown</subfield>
  </datafield>
  <datafield tag="264" ind1=" " ind2="1">
    <subfield code="a">Cheltenham</subfield>
    <subfield code="b">Edward Elgar Pub. Ltd</subfield>
    <subfield code="c">2015</subfield>
  </datafield>
  <datafield tag="300" ind1=" " ind2=" ">
    <subfield code="a">1 Online-Ressource (1 v)</subfield>
    <subfield code="c">cm</subfield>
  </datafield>
  <datafield tag="336" ind1=" " ind2=" ">
    <subfield code="a">Text</subfield>
    <subfield code="b">txt</subfield>
    <subfield code="2">rdacontent</subfield>
  </datafield>
  <datafield tag="337" ind1=" " ind2=" ">
    <subfield code="a">Computermedien</subfield>
    <subfield code="b">c</subfield>
    <subfield code="2">rdamedia</subfield>
  </datafield>
  <datafield tag="338" ind1=" " ind2=" ">
    <subfield code="a">Online-Ressource</subfield>
    <subfield code="b">cr</subfield>
    <subfield code="2">rdacarrier</subfield>
  </datafield>
  <datafield tag="500" ind1=" " ind2=" ">
    <subfield code="a">The recommended readings are available in the print version, or may be available via the link to your library&apos;s holdings</subfield>
  </datafield>
  <datafield tag="520" ind1=" " ind2=" ">
    <subfield code="a">At a time when remittances are widely recognised as of growing importance for development in many countries, John Connell and Richard Brown present this comprehensive overview of the role of remittances in economic and social development. They investigate various topics including reflections on methodology, the motives and determinants of remittances, their socio-economic impacts, the particular role of community organisations and social remittances, and the broad social and cultural impacts of remittances. They pay special attention to small island and Central Asian states, where remittances are of particular significance and explore the recent historical evolution of remittances and the policy implications in both sending and receiving countries</subfield>
  </datafield>
  <datafield tag="520" ind1=" " ind2=" ">
    <subfield code="a">Dilip Ratha, Sanket Mohapatra and Elina Scheja (2011), &apos;Impact of Migration on Economic and Social Development: A Review of Evidence and Emerging Issues&apos; -- Hein de Haas (2006), &apos;Migration, Remittances and Regional Development in Southern Morocco&apos; -- Richard P.C. Brown, Gareth Leeves and Prabha Prayaga (2014), &apos;Sharing Norm Pressures and Community Remittances: Evidence from a Natural Disaster in the Pacific Islands&apos; -- Partha Deb, Cagla Okten and Una Okonkwo Osili (2010), &apos;Giving to Family versus Giving to the Community Within and Across Generations&apos; -- Rafael Alarcón (2002), &apos;The Development of the Hometown Associations in the United States and the Use of Social Remittances in Mexico&apos; -- Abdoulaye Kane (2010), &apos;Charity and Self-help. Migrants&apos; Social Networks and Health Care in the Homeland&apos; -- Jeffrey H. Cohen (2011), &apos;Migration, Remittances and Household Strategies&apos; -- Russell King, Mirela Dalipaj and Nicola Mai (2006), &apos;Gendering Migration and Remittances: Evidence from London and Northern Albania&apos; -- John Connell and Dennis Conway (2000), &apos;Migration and Remittances in Island Microstates: A Comparative Perspective on the South Pacific and the Caribbean&apos; -- Dono Abdurazakova (2011), &apos;Social Impact of International Migration and Remittances in Central Asia&apos; -- Hein de Haas (2005), &apos;International Migration, Remittances and Development: Myths and Facts&apos; -- Jørgen Carling (2007), &apos;Interrogating Remittances: Core Questions for Deeper Insight and Better Policies&apos; -- John Gibson, Geua Boe-Gibson, Halahingano Rohorua and David McKenzie (2007), &apos;Efficient Remittance Services for Development in the Pacific&apos;</subfield>
  </datafield>
  <datafield tag="520" ind1=" " ind2=" ">
    <subfield code="a">Recommended readings (Machine generated): Robert E.B. Lucas (2008), &apos;Reported and Informal Remittances: How Much? Who Sends? Who Benefits?&apos; -- Nazli Choucri (1986), &apos;The Hidden Economy: A New View of Remittances in the Arab World&apos; -- Mohammed El Qorchi, Samuel Munzele Maimbo and John F. Wilson (2003), &apos;Informal Funds Transfer Systems: An Analysis of the Informal Hawala System&apos; -- Richard H. Adams, Jr. (2011), &apos;Evaluating the Economic Impact of International Remittances on Developing Countries Using Household Surveys: A Literature Review&apos; -- Dean Yang (2011), &apos;Migrant Remittances&apos; -- J. Edward Taylor (1999), &apos;The New Economics of Labour Migration and the Role of Remittances in the Migration Process&apos; -- Ester Hernandez and Susan Bibler Coutin (2006), &apos;Remitting Subjects: Migrants, Money and States&apos; -- Jørgen Carling and Kristian Hoelscher (2013), &apos;The Capacity and Desire to Remit: Comparing Local and Transnational Influences&apos; -- Henry Rempel and Richard A. Lobdell (1978), &apos;The Role of Urban-to-Rural Remittances in Rural Development&apos; -- Flore Gubert (2002), &apos;Do Migrants Insure Those who Stay Behind? Evidence from the Kayes Area (Western Mali)&apos; -- Bénédicte de la Brière, Elisabeth Sadoulet, Alain de Janvry and Sylvie Lambert (2002), &apos;The Roles of Destination, Gender and Household Composition in Explaining Remittances: An Analysis for the Dominican Sierra&apos; -- L. Le De, J.C. Gaillard and W. Friesen (2013), &apos;Remittances and Disaster: A Review&apos; -- A.S. Oberai and H.K. Manmohan Singh (1980), &apos;Migration, Remittances and Rural Development. Findings of a Case Study in the Indian Punjab&apos; -- Richard H. Adams, Jr. (1998), &apos;Remittances, Investment and Rural Asset Accumulation in Pakistan&apos; -- Pablo Acosta, Pablo Fajnzylber and J. Humberto Lopez (2007), &apos;The Impact of Remittances on Poverty and Human Capital: Evidence from Latin American Household Surveys&apos; -- Richard P.C. Brown, John Connell and Eliana V. Jimenez-Soto (2014), &apos;Migrants&apos; Remittances, Poverty and Social Protection in the South Pacific: Fiji and Tonga&apos; -- Richard H. Adams Jr. and John Page (2005), &apos;Do International Migration and Remittances Reduce Poverty in Developing Countries?&apos; -- Robert Goldfarb, Oli Havrylyshyn and Stephen Mangum (1984), &apos;Can Remittances Compensate for Manpower Outflows: The Case of Philippine Physicians&apos; -- Catalina Amuedo-Dorantes and Susan Pozo (2010), &apos;Accounting for Remittance and Migration Effects on Children&apos;s Schooling&apos;</subfield>
  </datafield>
  <datafield tag="650" ind1=" " ind2="0">
    <subfield code="a">Emigrant remittances</subfield>
    <subfield code="z">Asia</subfield>
  </datafield>
  <datafield tag="650" ind1=" " ind2="0">
    <subfield code="a">Economic development</subfield>
    <subfield code="z">Asia</subfield>
  </datafield>
  <datafield tag="651" ind1=" " ind2="0">
    <subfield code="a">Asia</subfield>
    <subfield code="x">Economic conditions</subfield>
  </datafield>
  <datafield tag="651" ind1=" " ind2="0">
    <subfield code="a">Asia</subfield>
    <subfield code="x">Social conditions</subfield>
  </datafield>
  <datafield tag="651" ind1=" " ind2="0">
    <subfield code="a">Asia</subfield>
    <subfield code="x">Emigration and immigration</subfield>
    <subfield code="x">Economic aspects</subfield>
  </datafield>
  <datafield tag="655" ind1=" " ind2="0">
    <subfield code="a">Electronic books</subfield>
  </datafield>
  <datafield tag="700" ind1="1" ind2=" ">
    <subfield code="a">Brown, Richard P. C.</subfield>
    <subfield code="4">oth</subfield>
  </datafield>
  <datafield tag="710" ind1="2" ind2=" ">
    <subfield code="a">Edward Elgar Publishing</subfield>
    <subfield code="4">oth</subfield>
  </datafield>
  <datafield tag="856" ind1="4" ind2="0">
    <subfield code="u">http://www.elgaronline.com/view/Research_Reviews/9781783479467/9781783479467.xml</subfield>
    <subfield code="x">Verlag; Elgar</subfield>
    <subfield code="3">Volltext</subfield>
  </datafield>
  <datafield tag="912" ind1=" " ind2=" ">
    <subfield code="a">ZDB-1-EWE</subfield>
  </datafield>
  <datafield tag="912" ind1=" " ind2=" ">
    <subfield code="a">ZDB-1-EWE</subfield>
  </datafield>
  <datafield tag="924" ind1="1" ind2=" ">
    <subfield code="a">1772923133</subfield>
    <subfield code="b">DE-206</subfield>
    <subfield code="9">206</subfield>
    <subfield code="c">GBV</subfield>
    <subfield code="d">d</subfield>
  </datafield>
  <datafield tag="951" ind1=" " ind2=" ">
    <subfield code="a">BO</subfield>
  </datafield>
</record>