
<?xml version="1.0" encoding="UTF-8"?>
<record xmlns="http://www.loc.gov/MARC21/slim">
  <leader>     cam a22     2  4500</leader>
  <controlfield tag="001">1023448106</controlfield>
  <controlfield tag="003">DE-627</controlfield>
  <controlfield tag="005">20200305162923.0</controlfield>
  <controlfield tag="007">cr uuu---uuuuu</controlfield>
  <controlfield tag="008">180529s2015    xx |||||o     00| ||eng c</controlfield>
  <datafield tag="020" ind1=" " ind2=" ">
    <subfield code="a">9781784716127</subfield>
    <subfield code="c"> : e-book</subfield>
    <subfield code="9">978-1-78471-612-7</subfield>
  </datafield>
  <datafield tag="035" ind1=" " ind2=" ">
    <subfield code="a">(DE-627)1023448106</subfield>
  </datafield>
  <datafield tag="035" ind1=" " ind2=" ">
    <subfield code="a">(DE-599)GBV1023448106</subfield>
  </datafield>
  <datafield tag="040" ind1=" " ind2=" ">
    <subfield code="a">DE-627</subfield>
    <subfield code="b">ger</subfield>
    <subfield code="c">DE-627</subfield>
    <subfield code="e">rakwb</subfield>
  </datafield>
  <datafield tag="041" ind1=" " ind2=" ">
    <subfield code="a">eng</subfield>
  </datafield>
  <datafield tag="044" ind1=" " ind2=" ">
    <subfield code="c">XA-GB</subfield>
  </datafield>
  <datafield tag="050" ind1=" " ind2="0">
    <subfield code="a">HG179</subfield>
  </datafield>
  <datafield tag="100" ind1="1" ind2=" ">
    <subfield code="a">Haliassos, Michael</subfield>
    <subfield code="4">aut</subfield>
  </datafield>
  <datafield tag="245" ind1="1" ind2="0">
    <subfield code="a">Household finance</subfield>
    <subfield code="c">Michael Haliassos</subfield>
  </datafield>
  <datafield tag="264" ind1=" " ind2="1">
    <subfield code="a">Cheltenham</subfield>
    <subfield code="b">Edward Elgar Pub. Ltd</subfield>
    <subfield code="c">2015</subfield>
  </datafield>
  <datafield tag="300" ind1=" " ind2=" ">
    <subfield code="a">1 Online-Ressource (1 v)</subfield>
  </datafield>
  <datafield tag="336" ind1=" " ind2=" ">
    <subfield code="a">Text</subfield>
    <subfield code="b">txt</subfield>
    <subfield code="2">rdacontent</subfield>
  </datafield>
  <datafield tag="337" ind1=" " ind2=" ">
    <subfield code="a">Computermedien</subfield>
    <subfield code="b">c</subfield>
    <subfield code="2">rdamedia</subfield>
  </datafield>
  <datafield tag="338" ind1=" " ind2=" ">
    <subfield code="a">Online-Ressource</subfield>
    <subfield code="b">cr</subfield>
    <subfield code="2">rdacarrier</subfield>
  </datafield>
  <datafield tag="500" ind1=" " ind2=" ">
    <subfield code="a">The recommended readings are available in the print version, or may be available via the link to your library&apos;s holdings</subfield>
  </datafield>
  <datafield tag="520" ind1=" " ind2=" ">
    <subfield code="a">Since its emergence in the 1980s, the subject of Household Finance has rapidly grown into a critical area of economic focus. Research, policy and practitioner interest has increased as household portfolios have become more complicated in response to financial innovation and new challenges in retirement financing. Whilst the earliest research was initially focussed on the limited tendency to hold stocks and diversify risk, recent work has developed into a broader exploration of the challenges posed by limited financial literacy, cognition, behavioural biases and cultural predispositions, and the ways to overcome them through financial education, advice, institutional reform and regulation. Including an original introduction by the editor, Household Finance brings together the most essential papers on the subject together in a comprehensive three-volume collection, and will be an invaluable resource for researchers - including practitioners with an interest in research - and students alike</subfield>
  </datafield>
  <datafield tag="520" ind1=" " ind2=" ">
    <subfield code="a">Karen E. Dynan, Jonathan Skinner and Stephen P. Zeldes (2004), &apos;Do the Rich Save More?&apos; -- Nikolai Roussanov (2010), &apos;Diversification and Its Discontents: Idiosyncratic and Entrepreneurial Risk in the Quest for Social Status&apos; -- Jessica A. Wachter and Motohiro Yogo (2010), &apos;Why Do Household Portfolio Shares Rise in Wealth?&apos; -- Daniel Bergstresser and James Poterba (2004), &apos;Asset Allocation and Asset Location: Household Evidence from the Survey of Consumer Finances&apos; -- John Y. Campbell, Yeung Lewis Chan and Luis M. Viceira (2003), &apos;A Multivariate Model of Strategic Asset Allocation&apos; -- Robert M. Dammon, Chester S. Spatt and Harold H. Zhang (2004), &apos;Optimal Asset Location and Allocation with Taxable and Tax-Deferred Investing&apos; -- Francisco Gomes, Alexander Michaelides and Valery Polkovnichenko (2009), &apos;Optimal Savings with Taxable and Tax-Deferred Accounts&apos; -- Brad M. Barber and Terrance Odean (2000), &apos;Trading Is Hazardous to Your Wealth: The Common Stock Investment Performance of Individual Investors&apos; -- Brad M. Barber and Terrance Odean (2001), &apos;Boys Will Be Boys: Gender, Overconfidence, and Common Stock Investment&apos; -- Brigitte C. Madrian and Dennis F. Shea (2001), &apos;The Power of Suggestion: Inertia in 401(k) Participation and Savings Behavior&apos; -- Mark Grinblatt and Matti Keloharju (2001), &apos;What Makes Investors Trade?&apos; -- Christian Gollier and Richard J. Zeckhauser (2002), &apos;Horizon Length and Portfolio Risk&apos; -- Julie Agnew, Pierluigi Balduzzi and Annika Sundén (2003), &apos;Portfolio Choice and Trading in a Large 401(k) Plan&apos; -- Rob Alessie, Stefan Hochguertel and Arthur van Soest (2004), &apos;Ownership of Stocks and Mutual Funds: A Panel Data Analysis&apos; -- Markus K. Brunnermeier and Stefan Nagel (2008), &apos;Do Wealth Fluctuations Generate Time-Varying Risk Aversion? Micro-Evidence on Individuals&apos; Asset Allocation&apos; -- Laurent E. Calvet, John Y. Campbell and Paolo Sodini (2009), &apos;Fight or Flight? Portfolio Rebalancing by Individual Investors&apos; -- Mark Grinblatt and Matti Keloharju (2009), &apos;Sensation Seeking, Overconfidence, and Trading Activity&apos; -- Yannis Bilias, Dimitris Georgarakos and Michael Haliassos (2010), &apos;Portfolio Inertia and Stock Market Fluctuations&apos; -- George M. Korniotis and Alok Kumar (2011), &apos;Do Older Investors Make Better Investment Decisions?&apos;</subfield>
  </datafield>
  <datafield tag="520" ind1=" " ind2=" ">
    <subfield code="a">Lauren E. Willis (2011), &apos;The Financial Education Fallacy&apos; -- Esther Duflo and Emmanuel Saez (2002), &apos;Participation and Investment Decisions in a Retirement Plan: The Influence of Colleagues&apos; Choices&apos; -- Harrison Hong, Jeffrey D. Kubik and Jeremy C. Stein (2004), &apos;Social Interaction and Stock-Market Participation&apos; -- Markku Kaustia and Samuli Knüpfer (2012), &apos;Peer Performance and Stock Market Entry&apos; -- Dimitris Georgarakos, Michael Haliassos and Giacomo Pasini (2014), &apos;Household Debt and Social Interactions&apos; -- Roman Inderst and Marco Ottaviani (2009), &apos;Misselling through Agents&apos; -- Daniel Bergstresser, John M.R. Chalmers and Peter Tufano (2009), &apos;Assessing the Costs and Benefits of Brokers in the Mutual Fund Industry&apos; -- John Y. Campbell, Howell E. Jackson, Brigitte C. Madrian and Peter Tufano (2011), &apos;Consumer Financial Protection&apos; -- Andreas Hackethal, Michael Haliassos and Tullio Jappelli (2012), &apos;Financial Advisors: A Case of Babysitters?&apos; -- Roman Inderst and Marco Ottaviani (2012), &apos;Financial Advice&apos; -- Utpal Bhattacharya, Andreas Hackethal, Simon Kaesler, Benjamin Loos and Steffen Meyer (2012), &apos;Is Unbiased Financial Advice to Retail Investors Sufficient? Answers from a Large Field Study&apos; -- Luigi Guiso, Paola Sapienza and Luigi Zingales (2006), &apos;Does Culture Affect Economic Outcomes?&apos; -- Luigi Guiso, Paola Sapienza and Luigi Zingales (2008), &apos;Trusting the Stock Market&apos; -- Una Okonkwo Osili and Anna L. Paulson (2008), &apos;Institutions and Financial Development: Evidence from International Migrants in the United States&apos; -- Amir Barnea, Henrik Cronqvist and Stephan Siegel (2010), &apos;Nature or Nurture: What Determines Investor Behavior?&apos; -- Laurent E. Calvet and Paolo Sodini (2014), &apos;Twin Picks: Disentangling the Determinants of Risk-Taking in Household Portfolios&apos; -- Sanford J. Grossman and Guy Laroque (1990), &apos;Asset Pricing and Optimal Portfolio Choice in the Presence of Illiquid Durable Consumption Goods&apos; -- Michael C. Fratantoni (2001), &apos;Homeownership, Committed Expenditure Risk, and the Stockholding Puzzle&apos; -- Marjorie Flavin and Takashi Yamashita (2002), &apos;Owner-Occupied Housing and the Composition of the Household Portfolio&apos;</subfield>
  </datafield>
  <datafield tag="520" ind1=" " ind2=" ">
    <subfield code="a">Mark Grinblatt, Matti Keloharju and Juhani T. Linnainmaa (2012), &apos;IQ, Trading Behavior, and Performance&apos; -- Andrew B. Abel, Janice C. Eberly and Stavros Panageas (2013), &apos;Optimal Inattention to the Stock Market with Information Costs and Transactions Costs&apos; -- Robert B. Barsky, F. Thomas Juster, Miles S. Kimball and Matthew D. Shapiro (1997), &apos;Preference Parameters and Behavioral Heterogeneity: An Experimental Approach in the Health and Retirement Study&apos; -- Luigi Guiso and Monica Paiella (2008), &apos;Risk Aversion, Wealth, and Background Risk&apos; -- Thomas Dohmen, Armin Falk, David Huffman and Uwe Sunde (2010), &apos;Are Risk Aversion and Impatience Related to Cognitive Ability?&apos; -- Morgan Kelly (1995), &apos;All Their Eggs in One Basket: Portfolio Diversification of US Households&apos; -- Shlomo Benartzi and Richard H. Thaler (2001), &apos;Naive Diversification Strategies in Defined Contribution Saving Plans&apos; -- Valery Polkovnichenko (2005), &apos;Household Portfolio Diversification: A Case for Rank-Dependent Preferences&apos; -- Stijn van Nieuwerburgh and Laura Veldkamp (2010), &apos;Information Acquisition and Under-Diversification&apos; -- Joshua D. Coval and Tobias J. Moskowitz (1999), &apos;Home Bias at Home: Local Equity Preference in Domestic Portfolios&apos; -- Gur Huberman (2001), &apos;Familiarity Breeds Investment&apos; -- Luigi Guiso and Tullio Jappelli (2005), &apos;Awareness and Stock Market Participation&apos; -- Annamaria Lusardi and Olivia S. Mitchell (2007), &apos;Baby Boomer Retirement Security: The Roles of Planning, Financial Literacy, and Housing Wealth&apos; -- Laurent E. Calvet, John Y. Campbell and Paolo Sodini (2007), &apos;Down or Out: Assessing the Welfare Costs of Household Investment Mistakes&apos; -- Laurent E. Calvet, John Y. Campbell and Paolo Sodini (2009), &apos;Measuring the Financial Sophistication of Households&apos; -- Dimitris Christelis, Tullio Jappelli and Mario Padula (2010), &apos;Cognitive Abilities and Portfolio Choice&apos; -- James J. Choi, David Laibson and Brigitte C. Madrian (2011), &apos;$100 Bills on the Sidewalk: Suboptimal Investment in 401(k) Plans&apos; -- Maarten van Rooij, Annamaria Lusardi and Rob Alessie (2011), &apos;Financial Literacy and Stock Market Participation&apos; -- Mark Grinblatt, Matti Keloharju and Juhani Linnainmaa (2011), &apos;IQ and Stock Market Participation&apos;</subfield>
  </datafield>
  <datafield tag="520" ind1=" " ind2=" ">
    <subfield code="a">Maria Concetta Chiuri and Tullio Jappelli (2003), &apos;Financial Market Imperfections and Home Ownership: A Comparative Study&apos; -- John Y. Campbell and João F. Cocco (2003), &apos;Household Risk Management and Optimal Mortgage Choice&apos; -- João F. Cocco (2004), &apos;Portfolio Choice in the Presence of Housing&apos; -- Rui Yao and Harold H. Zhang (2005), &apos;Optimal Consumption and Portfolio Choices with Risky Housing and Borrowing Constraints&apos; -- Todd Sinai and Nicholas S. Souleles (2005), &apos;Owner-Occupied Housing as a Hedge Against Rent Risk&apos; -- Raj Chetty and Adam Szeidl (2007), &apos;Consumption Commitments and Risk Preferences&apos; -- Atif Mian and Amir Sufi (2009), &apos;The Consequences of Mortgage Credit Expansion: Evidence from the U.S. Mortgage Default Crisis&apos; -- Ronel Elul, Nicholas S. Souleles, Souphala Chomsisengphet, Dennis Glennon and Robert Hunt (2010), &apos;What Triggers Mortgage Defaults&apos; -- Luigi Guiso, Paola Sapienza and Luigi Zingales (2013), &apos;The Determinants of Attitudes Toward Strategic Default on Mortgages&apos; -- Atif Mian and Amir Sufi (2011), &apos;House Prices, Home Equity-Based Borrowing and the US Household Leverage Crisis&apos; -- David B. Gross and Nicholas S. Souleles (2002), &apos;Do Liquidity Constraints and Interest Rates Matter for Consumer Behavior? Evidence from Credit Card Data&apos; -- David B. Gross and Nicholas S. Souleles (2002), &apos;An Empirical Analysis of Personal Bankruptcy and Delinquency&apos; -- Scott Fay, Erik Hurst and Michelle J. White (2002), &apos;The Household Bankruptcy Decision&apos; -- David Laibson, Andrea Repetto and Jeremy Tobacman (2001), &apos;A Debt Puzzle&apos; -- Carol C. Bertaut, Michael Haliassos and Michael Reiter (2008), &apos;Credit Card Debt Puzzles and Debt Revolvers for Self-Control&apos; -- Stephan Meier and Charles Sprenger (2010), &apos;Present-Biased Preferences and Credit Card Borrowing&apos; -- Irina A. Telyukova (2013), &apos;Household Need for Liquidity and the Credit Card Debt Puzzle&apos;</subfield>
  </datafield>
  <datafield tag="520" ind1=" " ind2=" ">
    <subfield code="a">Recommended readings (Machine generated): Luigi Guiso, Michael Haliassos and Tullio Jappelli (2003), &apos;Household Stockholding in Europe: Where Do We Stand and Where Do We Go?&apos; -- Dimitris Christelis, Dimitris Georgarakos and Michael Haliassos (2013), &apos;Differences in Portfolios Across Countries: Economic Environment Versus Household Characteristics&apos; -- European Central Bank (2013), &apos;The Eurosystem Household Finance and Consumption Survey: Results from the First Wave&apos; -- Irwin Friend and Marshall E. Blume (1975), &apos;The Demand for Risky Assets&apos; -- N. Gregory Mankiw and Stephen P. Zeldes (1991), &apos;The Consumption of Stockholders and Nonstockholders&apos; -- Zvi Bodie, Robert C. Merton and William F. Samuelson (1992), &apos;Labor Supply Flexibility and Portfolio Choice in a Life Cycle Model&apos; -- Michael Haliassos and Carol C. Bertaut (1995), &apos;Why Do So Few Hold Stocks?&apos; -- Luigi Guiso, Tullio Jappelli and Daniele Terlizzese (1996), &apos;Income Risk, Borrowing Constraints, and Portfolio Choice&apos; -- William R.M. Perraudin and Bent E. Sørensen (2000), &apos;The Demand for Risky Assets: Sample Selection and Household Portfolios&apos; -- John Heaton and Deborah Lucas (2000), &apos;Portfolio Choice and Asset Prices: The Importance of Entrepreneurial Risk&apos; -- Luis M. Viceira (2001), &apos;Optimal Portfolio Choice for Long-Horizon Investors with Nontradable Labor Income&apos; -- Michael Haliassos and Alexander Michaelides (2003), &apos;Portfolio Choice and Liquidity Constraints&apos; -- Annette Vissing-Jorgensen (2003), &apos;Perspectives on Behavioral Finance: Does &quot;Irrationality&quot; Disappear with Wealth? Evidence from Expectations and Actions&apos; -- Harvey S. Rosen and Stephen Wu (2004), &apos;Portfolio Choice and Health Status&apos; -- João F. Cocco, Francisco J. Gomes and Pascal J. Maenhout (2005), &apos;Consumption and Portfolio Choice Over the Life Cycle&apos; -- Francisco Gomes and Alexander Michaelides (2005), &apos;Optimal Life-Cycle Asset Allocation: Understanding the Empirical Evidence&apos; -- John Y. Campbell (2006), &apos;Household Finance&apos; -- Steven J. Davis, Felix Kubler and Paul Willen (2006), &apos;Borrowing Costs and the Demand for Equity Over the Life Cycle&apos; -- Nicholas Barberis, Ming Huang and Richard H. Thaler (2006), &apos;Individual Preferences, Monetary Gambles, and Stock Market Participation: A Case for Narrow Framing&apos;</subfield>
  </datafield>
  <datafield tag="650" ind1=" " ind2="0">
    <subfield code="a">Income</subfield>
  </datafield>
  <datafield tag="650" ind1=" " ind2="0">
    <subfield code="a">Finance, Personal</subfield>
  </datafield>
  <datafield tag="655" ind1=" " ind2="0">
    <subfield code="a">Electronic books</subfield>
  </datafield>
  <datafield tag="710" ind1="2" ind2=" ">
    <subfield code="a">Edward Elgar Publishing</subfield>
    <subfield code="4">oth</subfield>
  </datafield>
  <datafield tag="856" ind1="4" ind2="0">
    <subfield code="u">http://www.elgaronline.com/view/Research_Reviews/9781783476046/9781783476046.xml</subfield>
    <subfield code="x">Verlag; Elgar</subfield>
    <subfield code="3">Volltext</subfield>
  </datafield>
  <datafield tag="912" ind1=" " ind2=" ">
    <subfield code="a">ZDB-1-EWE</subfield>
  </datafield>
  <datafield tag="912" ind1=" " ind2=" ">
    <subfield code="a">ZDB-1-EWE</subfield>
  </datafield>
  <datafield tag="924" ind1="1" ind2=" ">
    <subfield code="a">1772923117</subfield>
    <subfield code="b">DE-206</subfield>
    <subfield code="9">206</subfield>
    <subfield code="c">GBV</subfield>
    <subfield code="d">d</subfield>
  </datafield>
  <datafield tag="951" ind1=" " ind2=" ">
    <subfield code="a">BO</subfield>
  </datafield>
</record>