
<?xml version="1.0" encoding="UTF-8"?>
<record xmlns="http://www.loc.gov/MARC21/slim">
  <leader>     cam a22     2  4500</leader>
  <controlfield tag="001">1023448076</controlfield>
  <controlfield tag="003">DE-627</controlfield>
  <controlfield tag="005">20200305162924.0</controlfield>
  <controlfield tag="007">cr uuu---uuuuu</controlfield>
  <controlfield tag="008">180529s2015    xx |||||o     00| ||eng c</controlfield>
  <datafield tag="020" ind1=" " ind2=" ">
    <subfield code="a">9781784716196</subfield>
    <subfield code="c"> : e-book</subfield>
    <subfield code="9">978-1-78471-619-6</subfield>
  </datafield>
  <datafield tag="035" ind1=" " ind2=" ">
    <subfield code="a">(DE-627)1023448076</subfield>
  </datafield>
  <datafield tag="035" ind1=" " ind2=" ">
    <subfield code="a">(DE-599)GBV1023448076</subfield>
  </datafield>
  <datafield tag="040" ind1=" " ind2=" ">
    <subfield code="a">DE-627</subfield>
    <subfield code="b">ger</subfield>
    <subfield code="c">DE-627</subfield>
    <subfield code="e">rakwb</subfield>
  </datafield>
  <datafield tag="041" ind1=" " ind2=" ">
    <subfield code="a">eng</subfield>
  </datafield>
  <datafield tag="044" ind1=" " ind2=" ">
    <subfield code="c">XA-GB</subfield>
  </datafield>
  <datafield tag="050" ind1=" " ind2="0">
    <subfield code="a">HD9980.5</subfield>
  </datafield>
  <datafield tag="100" ind1="1" ind2=" ">
    <subfield code="a">Gallouj, Faïz</subfield>
    <subfield code="4">aut</subfield>
  </datafield>
  <datafield tag="245" ind1="1" ind2="0">
    <subfield code="a">Services and innovation</subfield>
    <subfield code="c">Faïz Gallouj, Faridah Djellal</subfield>
  </datafield>
  <datafield tag="264" ind1=" " ind2="1">
    <subfield code="a">Cheltenham</subfield>
    <subfield code="b">Edward Elgar Pub. Ltd</subfield>
    <subfield code="c">2015</subfield>
  </datafield>
  <datafield tag="300" ind1=" " ind2=" ">
    <subfield code="a">1 Online-Ressource (1 v)</subfield>
    <subfield code="c">cm</subfield>
  </datafield>
  <datafield tag="336" ind1=" " ind2=" ">
    <subfield code="a">Text</subfield>
    <subfield code="b">txt</subfield>
    <subfield code="2">rdacontent</subfield>
  </datafield>
  <datafield tag="337" ind1=" " ind2=" ">
    <subfield code="a">Computermedien</subfield>
    <subfield code="b">c</subfield>
    <subfield code="2">rdamedia</subfield>
  </datafield>
  <datafield tag="338" ind1=" " ind2=" ">
    <subfield code="a">Online-Ressource</subfield>
    <subfield code="b">cr</subfield>
    <subfield code="2">rdacarrier</subfield>
  </datafield>
  <datafield tag="500" ind1=" " ind2=" ">
    <subfield code="a">The recommended readings are available in the print version, or may be available via the link to your library&apos;s holdings</subfield>
  </datafield>
  <datafield tag="520" ind1=" " ind2=" ">
    <subfield code="a">Service innovation is a young but prolific research field, with a rapidly increasing number of publications being dedicated to the area. This title explores the most significant articles that helped build and develop this field from a theoretical, empirical and methodological perspective. In this research review the authors examine how the 43 seminal articles selected address the key focuses of the subject, including the theories, nature and measurement of innovation in services as well as the role of knowledge intensive business services (KIBS) in client innovation and other concerns</subfield>
  </datafield>
  <datafield tag="520" ind1=" " ind2=" ">
    <subfield code="a">Jeremy Howells (2004), &apos;Innovation, Consumption and Services: Encapsulation and Combinatorial Role of Services&apos; -- James Brian Quinn, Thomas L. Doorley and Penny C. Paquette (1990), &apos;Beyond Products: Services-Based Strategy&apos; -- Peter W. Daniels and John R. Bryson (2002), &apos;Manufacturing Services and Servicing Manufacturing: Knowledge-Based Cities and Changing Forms of Production&apos; -- Luis Rubalcaba (2006), &apos;Which Policy for Innovation in Services?&apos; -- Benoît Desmarchelier, Faridah Djellal and Faïz Gallouj (2013), &apos;Environmental Policies and Eco-Innovations by Service Firms: An Agent-Based Model&apos;</subfield>
  </datafield>
  <datafield tag="520" ind1=" " ind2=" ">
    <subfield code="a">Luis Rubalcaba, David Gago and Jorge Gallego (2010), &apos;On the Differences Between Goods and Services Innovation&apos; -- Christopher J. Easingwood (1986), &apos;New Product Development for Service Companies&apos; -- Ulrike De Brentani, (1989), &apos;Success and Failure in New Industrial Services&apos; -- Jon Sundbo and Faïz Gallouj (2000), &apos;Innovation as a Loosely Coupled System in Services&apos; -- Bo Edvardsson and Jan Olsson (1996), &apos;Key Concepts for New Service Development&apos; -- Jon Sundbo (1997), &apos;Management of Innovation in Services&apos; -- Marja Toivonen and Tiina Tuominen, (2009), &apos;Emergence of Innovations in Services&apos; -- John Bessant and Howard Rush (1995), &apos;Building Bridges for Innovation: The Role of Consultants in Technology Transfer&apos; -- William Baumol (2002), &apos;Services as Leaders and the Leader of the Services&apos; -- Cristiano Antonelli (1998), &apos;Localized Technological Change, New Information Technology and the Knowledge-Based Economy: The European Evidence&apos; -- Pim Den Hertog (2000), &apos;Knowledge-Intensive Business Services as Co-Producers of Innovation&apos; -- Jeremy Howells (2006) &apos;Intermediation and the Role of Intermediaries in Innovation&apos; -- Emmanuel Muller and Andrea Zenker (2001), &apos;Business Services as Actors of Knowledge Transformation: The Role of KIBS in Regional and National Innovation Systems&apos; -- Simone Strambach (2008), &apos;Knowledge-Intensive Business Services (KIBS) as Drivers of Multilevel Knowledge Dynamics&apos; -- Paul Windrum and Mark Tomlinson (1999), &apos;Knowledge-Intensive Services and International Competitiveness: A Four Country Comparison&apos; -- Peter Wood (2002), &apos;Knowledge-Intensive Services and Urban Innovativeness&apos; -- David Doloreux and Richard Shearmur (2012), &apos;Collaboration, Information and the Geography of Innovation in Knowledge Intensive Business Services&apos; -- Sandra Vandermerwe and Juan Rada (1988), &apos;Servitization of Business: Adding Value by Adding Services&apos; -- Valérie Mathieu (2001), &apos;Service Strategies Within the Manufacturing Sector: Benefits, Costs and Partnerships&apos;</subfield>
  </datafield>
  <datafield tag="520" ind1=" " ind2=" ">
    <subfield code="a">Recommended readings (Machine generated): Richard Barras (1986), &apos;Towards a Theory of Innovation in Services&apos; -- Marcela Miozzo and Luc Soete (2001), &apos;Internationalization of Services: A Technological Perspective&apos; -- Ian Miles (2000), &apos;Services Innovation: Coming of Age in the Knowledge-Based Economy&apos; -- Faïz Gallouj and Olivier Weinstein (1997), &apos;Innovation in Services&apos; -- Erik J. de Vries (2006), &apos;Innovation in Services in Networks of Organizations and in the Distribution of Services&apos; -- Paul P. Maglio and Jim Spohrer (2008), &apos;Fundamentals of Service Science&apos; -- Ian Miles (1993), &apos;Services in the New Industrial Economy&apos; -- Jean Gadrey, Faïz Gallouj and Olivier Weinstein (1995), &apos;New Modes of Innovation: How Services Benefit Industry&apos; -- Richard Barras (1990), &apos;Interactive Innovation in Financial and Business Services: The Vanguard of the Service Revolution&apos; -- Paul Windrum and Manuel Garçia-Goñi (2008), &apos;A Neo-Schumpeterian Model of Health Services Innovation&apos; -- Faridah Djellal and Faïz Gallouj (2005), &apos;Mapping Innovation Dynamics in Hospitals&apos; -- Lars Fuglsang and Flemming Sørensen (2011), &apos;The Balance Between Bricolage and Innovation: Management Dilemmas in Sustainable Public Innovation&apos; -- Jean Hartley (2005), &apos;Innovation in Governance and Public Services: Past and Present&apos; -- Anne-Mette Hjalager (2002), &apos;Repairing Innovation Defectiveness in Tourism&apos; -- Christiane Hipp and Hariolf Grupp (2005), &apos;Innovation in the Service Sector: The Demand for Service-Specific Innovation Measurement Concepts and Typologies&apos; -- Ina Drejer (2004), &apos;Identifying Innovation in Surveys of Services: A Schumpeterian Perspective&apos; -- Bruce S. Tether and Abdelouahid Tajar (2008), &apos;The Organisational-Cooperation Mode of Innovation and its Prominence Amongst European Service Firms&apos; -- Giulio Cainelli, Rinaldo Evangelista and Maria Savona (2006), &apos;Innovation and Economic Performance in Services: A Firm Level Analysis&apos; -- Faridah Djellal, Dominique Francoz, Camal Gallouj, Faïz Gallouj and Yves Jacquin (2003), &apos;Revising the Definition of Research and Development in the Light of the Specificities of Services&apos;</subfield>
  </datafield>
  <datafield tag="650" ind1=" " ind2="0">
    <subfield code="a">Service industries</subfield>
  </datafield>
  <datafield tag="650" ind1=" " ind2="0">
    <subfield code="a">Customer services</subfield>
  </datafield>
  <datafield tag="650" ind1=" " ind2="0">
    <subfield code="a">Service industries</subfield>
    <subfield code="x">Technological innovations</subfield>
  </datafield>
  <datafield tag="655" ind1=" " ind2="0">
    <subfield code="a">Electronic books</subfield>
  </datafield>
  <datafield tag="700" ind1="1" ind2=" ">
    <subfield code="a">Djellal, Faridah</subfield>
    <subfield code="4">oth</subfield>
  </datafield>
  <datafield tag="710" ind1="2" ind2=" ">
    <subfield code="a">Edward Elgar Publishing</subfield>
    <subfield code="4">oth</subfield>
  </datafield>
  <datafield tag="856" ind1="4" ind2="0">
    <subfield code="u">http://www.elgaronline.com/view/Research_Reviews/9781783472932/9781783472932.xml</subfield>
    <subfield code="x">Verlag; Elgar</subfield>
    <subfield code="3">Volltext</subfield>
  </datafield>
  <datafield tag="912" ind1=" " ind2=" ">
    <subfield code="a">ZDB-1-EWE</subfield>
  </datafield>
  <datafield tag="912" ind1=" " ind2=" ">
    <subfield code="a">ZDB-1-EWE</subfield>
  </datafield>
  <datafield tag="924" ind1="1" ind2=" ">
    <subfield code="a">1772923079</subfield>
    <subfield code="b">DE-206</subfield>
    <subfield code="9">206</subfield>
    <subfield code="c">GBV</subfield>
    <subfield code="d">d</subfield>
  </datafield>
  <datafield tag="951" ind1=" " ind2=" ">
    <subfield code="a">BO</subfield>
  </datafield>
</record>