
<?xml version="1.0" encoding="UTF-8"?>
<record xmlns="http://www.loc.gov/MARC21/slim">
  <leader>     cam a22     2  4500</leader>
  <controlfield tag="001">1023448033</controlfield>
  <controlfield tag="003">DE-627</controlfield>
  <controlfield tag="005">20200305162924.0</controlfield>
  <controlfield tag="007">cr uuu---uuuuu</controlfield>
  <controlfield tag="008">180529s2015    xx |||||o     00| ||eng c</controlfield>
  <datafield tag="020" ind1=" " ind2=" ">
    <subfield code="a">9781784713119</subfield>
    <subfield code="c"> : e-book</subfield>
    <subfield code="9">978-1-78471-311-9</subfield>
  </datafield>
  <datafield tag="035" ind1=" " ind2=" ">
    <subfield code="a">(DE-627)1023448033</subfield>
  </datafield>
  <datafield tag="035" ind1=" " ind2=" ">
    <subfield code="a">(DE-599)GBV1023448033</subfield>
  </datafield>
  <datafield tag="040" ind1=" " ind2=" ">
    <subfield code="a">DE-627</subfield>
    <subfield code="b">ger</subfield>
    <subfield code="c">DE-627</subfield>
    <subfield code="e">rakwb</subfield>
  </datafield>
  <datafield tag="041" ind1=" " ind2=" ">
    <subfield code="a">eng</subfield>
  </datafield>
  <datafield tag="044" ind1=" " ind2=" ">
    <subfield code="c">XA-GB</subfield>
  </datafield>
  <datafield tag="050" ind1=" " ind2="0">
    <subfield code="a">HF1413.5</subfield>
  </datafield>
  <datafield tag="100" ind1="1" ind2=" ">
    <subfield code="a">Malloy, Michael P.</subfield>
    <subfield code="4">aut</subfield>
  </datafield>
  <datafield tag="245" ind1="1" ind2="0">
    <subfield code="a">Economic sanctions</subfield>
    <subfield code="c">Michael P. Malloy</subfield>
  </datafield>
  <datafield tag="264" ind1=" " ind2="1">
    <subfield code="a">Cheltenham</subfield>
    <subfield code="b">Edward Elgar Pub. Ltd</subfield>
    <subfield code="c">2015</subfield>
  </datafield>
  <datafield tag="300" ind1=" " ind2=" ">
    <subfield code="a">1 Online-Ressource (1 v)</subfield>
    <subfield code="c">cm</subfield>
  </datafield>
  <datafield tag="336" ind1=" " ind2=" ">
    <subfield code="a">Text</subfield>
    <subfield code="b">txt</subfield>
    <subfield code="2">rdacontent</subfield>
  </datafield>
  <datafield tag="337" ind1=" " ind2=" ">
    <subfield code="a">Computermedien</subfield>
    <subfield code="b">c</subfield>
    <subfield code="2">rdamedia</subfield>
  </datafield>
  <datafield tag="338" ind1=" " ind2=" ">
    <subfield code="a">Online-Ressource</subfield>
    <subfield code="b">cr</subfield>
    <subfield code="2">rdacarrier</subfield>
  </datafield>
  <datafield tag="490" ind1="0" ind2=" ">
    <subfield code="a">Elgar research reviews in economics</subfield>
  </datafield>
  <datafield tag="500" ind1=" " ind2=" ">
    <subfield code="a">The recommended readings are available in the print version, or may be available via the link to your library&apos;s holdings</subfield>
  </datafield>
  <datafield tag="520" ind1=" " ind2=" ">
    <subfield code="a">Economic Sanctions highlights the leading legal scholarship of the past 12 years on the theory and practice of international economic sanctions. Michael P. Malloy, an internationally recognized specialist in the subject, discusses current challenges concerning the use of sanctions as tools of anti-terrorism policy and human rights enforcement as well as the controversy over the effectiveness of sanctions. He also explores horizon issues like the use of sanctions in support of environmental policy, health and safety, and cyber-safety</subfield>
  </datafield>
  <datafield tag="520" ind1=" " ind2=" ">
    <subfield code="a">Andrew T. Guzman (2004), &apos;Food Fears: Health and Safety at the WTO&apos;, Virginia Journal of International Law, 45, 1-39 -- Warren G. Lavey (2009), &apos;New Regulations for the Committee on Foreign Investment in the United States - Disclosures of Cyber Security Plans and Dealings with Sanctioned Countries Remain Uncertain&apos;, Business Law International, 10 (3), September, 253-71 -- Lee Baker (2010), &apos;The Unintended Consequences of U.S. Export Restrictions on Software and Online Services for American Foreign Policy and Human Rights&apos;, Harvard Journal of Law and Technology, 23 (2), Spring, 537-66</subfield>
  </datafield>
  <datafield tag="520" ind1=" " ind2=" ">
    <subfield code="a">Christine Kaufmann and Laura Meyer (2007), &apos;Trade and Human Rights&apos;, Human Rights and International Legal Discourse, 1 (1), 61-94 -- Jenny Schultz and Rachel Ball (2007), &apos;Trade as a Weapon? The WTO and Human Rights-Based Trade Measures&apos;, Deakin Law Review, 12 (1), 41-79 -- Marco Roscini (2010), &apos;The United Nations Security Council and the Enforcement of International Humanitarian Law&apos;, Israel Law Review, 43 (2), 330-59 -- Laurence Boisson de Chazournes (2007), &apos;Collective Security and the Economic Interventionism of the UN - the Need for a Coherent and Integrated Approach&apos;, Journal of International Economic Law, 10 (1), March, 51-86 -- Jean d&apos;Aspremont and Eric De Brabandere (2011), &apos;The Complementary Faces of Legitimacy in International Law: The Legitimacy of Origin and the Legitimacy of Exercise&apos;, Fordham International Law Journal, 34 (2), 190-235 -- Wesley A. Cann, Jr. (2001), &apos;Creating Standards and Accountability for the Use of the WTO Security Exception: Reducing the Role of Power-Based Relations and Establishing a New Balance Between Sovereignty and Multilateralism&apos;, Yale Journal of International Law, 26, Summer, 413-85 -- Joanna Weschler (2009-10), &apos;The Evolution of Security Council Innovations in Sanctions&apos;, International Journal, 65 (1), Winter, 31-43 -- Cedric Ryngaert (2008), &apos;Extraterritorial Export Controls (Secondary Boycotts)&apos;, Chinese Journal of International Law, 7 (3), November, 625-58 -- Patrik Johansson (2009), &apos;The Humdrum Use of Ultimate Authority: Defining and Analysing Chapter VII Resolutions&apos;, Nordic Journal of International Law, 78 (3), 309-42 -- Nikolaos Lavranos (2009), &apos;Judicial Review of UN Sanctions by the European Court of Justice&apos;, Nordic Journal of International Law, 78 (3), 343-59 -- Ramesh Thakur (2010), &apos;Law, Legitimacy and United Nations&apos;, Melbourne Journal of International Law, 11 (1), May, 1-26 -- Ilya Podolyako (2009), &apos;Nowhere to Hide: Overbreadth and Other Constitutional Challenges Facing the Current Designation Regime&apos;, Texas Journal of Civil Liberties and Civil Rights, 14 (2), Spring, 193-235 -- Michael P. Malloy (2003), &apos;Où est votre chapeau? Economic Sanctions and Trade Regulation&apos;, Chicago Journal of International Law, 4 (2), Fall, 371-84 -- Margaret Doxey (2009), &apos;Reflections on the Sanctions Decade and Beyond&apos;, International Journal, 64 (2), Spring, 539-49 -- Maja Lukic (2009), &apos;The Security Council&apos;s Targeted Sanctions in the Light of Recent Developments Occurring in the EU Context&apos;, Annals of the Faculty of Law in Belgrade - Belgrade Law Review, LVII (3), 239-50 -- Roger P. Alford (2011), &apos;The Self-Judging WTO Security Exception&apos;, Utah Law Review, 2011 (3), 697-759 -- Sue E. Eckert (2009-10), &apos;United Nations Nonproliferation Sanctions&apos;, International Journal, 65 (1), Winter, 69-83 -- Carla L. Reyes (2011), &apos;WTO-Compliant Protection of Fundamental Rights: Lessons from the EU Privacy Directive&apos;, Melbourne Journal of International Law, 12 (1), June, 141-76 -- Patrick Hamilton (2008), &apos;Counter(measuring) Climate Change: The ILC, Third State Countermeasures and Climate Change&apos;, McGill International Journal of Sustainable Development Law and Policy, 4 (2), 83-131</subfield>
  </datafield>
  <datafield tag="520" ind1=" " ind2=" ">
    <subfield code="a">Recommended readings (Machine generated): Eric J. Gouvin (2005), &apos;Are There Any Checks and Balances on the Government&apos;s Power to Check Our Balances? The Fate of Financial Privacy in the War on Terrorism&apos;, Temple Political and Civil Rights Law Review, 14, Spring, 517-41 -- Konrad Lachmayer (2010), &apos;Constitutional and Anti-Constitutional Responses to Terrorism: The Difficulty of Removing Exclusions from Constitutional Law&apos;, City University of Hong Kong Law Review, 2 (1), 5-18 -- Nina J. Crimm (2004), &apos;High Alert: The Government&apos;s War on the Financing of Terrorism and Its Implication for Donors, Domestic Charitable Organizations, and Global Philanthropy&apos;, William and Mary Law Review, 45 (4), 1341-451 -- Rene Uruena (2007), &apos;International Law as Administration: The UN&apos;s 1267 Sanctions Committee and the Making of the War on Terror&apos;, International Organizations Law Review, 4 (2), 321-42 -- Michael P. Malloy (2004), &apos;Panel One: Unfunding Terror - Perspectives on Unfunding Terror. Commentary&apos;, Transnational Lawyer, 17, 97-111 -- David Zaring and Elena Baylis (2007), &apos;Sending the Bureaucracy to War&apos;, Iowa Law Review, 92, 1359-428 -- Wong Sow Wei (2009), &apos;US: Tell Us Who Your Clients Are&apos;, International Financial Law Review, 28, February, 49-51 -- Michael P. Malloy (2004), &apos;Was Bedeutet &quot;Terrorismus&quot;?&apos;, Transnational Lawyer, 17, 39-50 -- Amy Deen Westbrook (2010), &apos;What&apos;s in Your Portfolio? U.S. Investors are Unknowingly Financing State Sponsors of Terrorism&apos;, DePaul Law Review, 59, 1151-221 -- Kimberly Ann Elliott (2009-10), &apos;Assessing UN Sanctions after the Cold War&apos;, International Journal, 65 (1), Winter, 85-98 -- CarrieLyn Donigan Guymon (2009), &apos;The Best Tool for the Job: The U.S. Campaign to Freeze Assets of Proliferators and their Supporters&apos;, Virginia Journal of International Law, 49 (4), May, 849-913 -- Carrie L. Folendorf (2003), &apos;Breaking Terror&apos;s Bank Without Breaking the Law: A Comment on the USA Patriot Act and the United States Financial War on Terrorism&apos;, Journal of the National Association of Administrative Law Judges, 23 (2), Fall, 481-501 -- Bridget McCormack (2007), &apos;Economic Incarceration&apos;, Windsor Yearbook of Access to Justice, 25 (2), 223-46 -- Jason Collins Weida (2006), &apos;Reaching Multinational Corporations: A New Model for Drafting Effective Economic Sanctions&apos;, Vermont Law Review, 30 (2), 303-47 -- Michael Margulies (2008), &apos;Stronger Trade or Stronger Embargo: What the Future Holds for United States-Cuba Relations&apos;, Asper Review of International Business and Trade Law, VIII, 147-77 -- Philip M. Nichols (2009), &apos;Using Sociological Theories of Isomorphism to Evaluate the Possibility of Regime Change through Trade Sanctions&apos;, University of Pennsylvania Journal of International Law, 30 (3), Spring, 753-88 -- Elena Katselli (2007), &apos;Holding the Security Council Accountable for Human Rights Violations&apos;, Human Rights and International Legal Discourse, 1 (2), 301-33 -- Sarah H. Cleveland (2002), &apos;Human Rights Sanctions and International Trade: A Theory of Compatibility&apos;, Journal of International Economic Law, 5 (1), March, 133-89 -- Michael P. Malloy (2013), &apos;Human Rights and Unintended Consequences: Empirical Analysis of International Economic Sanctions in Contemporary Practice&apos;, Boston University International Law Journal, 31 (1), Spring, 75-123</subfield>
  </datafield>
  <datafield tag="650" ind1=" " ind2="0">
    <subfield code="a">Economic sanctions</subfield>
  </datafield>
  <datafield tag="655" ind1=" " ind2="0">
    <subfield code="a">Electronic books</subfield>
  </datafield>
  <datafield tag="710" ind1="2" ind2=" ">
    <subfield code="a">Edward Elgar Publishing</subfield>
    <subfield code="4">oth</subfield>
  </datafield>
  <datafield tag="776" ind1="1" ind2=" ">
    <subfield code="z">9781782547761</subfield>
  </datafield>
  <datafield tag="776" ind1="0" ind2="8">
    <subfield code="i">Available in another form</subfield>
    <subfield code="z">9781782547761</subfield>
  </datafield>
  <datafield tag="856" ind1="4" ind2="0">
    <subfield code="u">http://www.elgaronline.com/view/Research_Reviews/9781782547761/9781782547761.xml</subfield>
    <subfield code="x">Verlag; Elgar</subfield>
    <subfield code="3">Volltext</subfield>
  </datafield>
  <datafield tag="912" ind1=" " ind2=" ">
    <subfield code="a">ZDB-1-EWE</subfield>
  </datafield>
  <datafield tag="912" ind1=" " ind2=" ">
    <subfield code="a">ZDB-1-EWE</subfield>
  </datafield>
  <datafield tag="924" ind1="1" ind2=" ">
    <subfield code="a">1772923036</subfield>
    <subfield code="b">DE-206</subfield>
    <subfield code="9">206</subfield>
    <subfield code="c">GBV</subfield>
    <subfield code="d">d</subfield>
  </datafield>
  <datafield tag="951" ind1=" " ind2=" ">
    <subfield code="a">BO</subfield>
  </datafield>
</record>