
<?xml version="1.0" encoding="UTF-8"?>
<record xmlns="http://www.loc.gov/MARC21/slim">
  <leader>     cam a22     2  4500</leader>
  <controlfield tag="001">1023448009</controlfield>
  <controlfield tag="003">DE-627</controlfield>
  <controlfield tag="005">20200305162925.0</controlfield>
  <controlfield tag="007">cr uuu---uuuuu</controlfield>
  <controlfield tag="008">180529s2015    xx |||||o     00| ||eng c</controlfield>
  <datafield tag="020" ind1=" " ind2=" ">
    <subfield code="a">9781784713232</subfield>
    <subfield code="c"> : e-book</subfield>
    <subfield code="9">978-1-78471-323-2</subfield>
  </datafield>
  <datafield tag="035" ind1=" " ind2=" ">
    <subfield code="a">(DE-627)1023448009</subfield>
  </datafield>
  <datafield tag="035" ind1=" " ind2=" ">
    <subfield code="a">(DE-599)GBV1023448009</subfield>
  </datafield>
  <datafield tag="040" ind1=" " ind2=" ">
    <subfield code="a">DE-627</subfield>
    <subfield code="b">ger</subfield>
    <subfield code="c">DE-627</subfield>
    <subfield code="e">rakwb</subfield>
  </datafield>
  <datafield tag="041" ind1=" " ind2=" ">
    <subfield code="a">eng</subfield>
  </datafield>
  <datafield tag="044" ind1=" " ind2=" ">
    <subfield code="c">XA-GB</subfield>
  </datafield>
  <datafield tag="050" ind1=" " ind2="0">
    <subfield code="a">BJ1475.3</subfield>
  </datafield>
  <datafield tag="100" ind1="1" ind2=" ">
    <subfield code="a">Andreoni, James</subfield>
    <subfield code="4">aut</subfield>
  </datafield>
  <datafield tag="245" ind1="1" ind2="4">
    <subfield code="a">The economics of philanthropy and fundraising</subfield>
    <subfield code="c">James Andreoni</subfield>
  </datafield>
  <datafield tag="264" ind1=" " ind2="1">
    <subfield code="a">Cheltenham</subfield>
    <subfield code="b">Edward Elgar Pub. Ltd</subfield>
    <subfield code="c">2015</subfield>
  </datafield>
  <datafield tag="300" ind1=" " ind2=" ">
    <subfield code="a">1 Online-Ressource (1 v)</subfield>
  </datafield>
  <datafield tag="336" ind1=" " ind2=" ">
    <subfield code="a">Text</subfield>
    <subfield code="b">txt</subfield>
    <subfield code="2">rdacontent</subfield>
  </datafield>
  <datafield tag="337" ind1=" " ind2=" ">
    <subfield code="a">Computermedien</subfield>
    <subfield code="b">c</subfield>
    <subfield code="2">rdamedia</subfield>
  </datafield>
  <datafield tag="338" ind1=" " ind2=" ">
    <subfield code="a">Online-Ressource</subfield>
    <subfield code="b">cr</subfield>
    <subfield code="2">rdacarrier</subfield>
  </datafield>
  <datafield tag="490" ind1="0" ind2=" ">
    <subfield code="a">Elgar research reviews in economics</subfield>
  </datafield>
  <datafield tag="500" ind1=" " ind2=" ">
    <subfield code="a">The recommended readings are available in the print version, or may be available via the link to your library&apos;s holdings</subfield>
  </datafield>
  <datafield tag="520" ind1=" " ind2=" ">
    <subfield code="a">What are people buying when they give money away? Is pure altruism possible? Who benefits from grants to charities and subsidies to givers? Is religious giving different? Which fundraising approaches &quot;work&quot;, and is more charity always better? Questions like these make philanthropy and fundraising among the most dynamic research areas in economics today. This research review guides students and scholars from the time when giving was seen as &quot;irrational&quot;, to the present when economics has fully embraced the complex and fascinating challenges of understanding why self-interested people can be so unselfish</subfield>
  </datafield>
  <datafield tag="520" ind1=" " ind2=" ">
    <subfield code="a">Dan Ariely, Anat Bracha and Stephan Meier (2009), &apos;Doing Good or Doing Well? Image Motivation and Monetary Incentives in Behaving Prosocially&apos; -- Christina M. Fong and Erzo F.P. Luttmer (2009), &apos;What Determines Giving to Hurricane Katrina Victims? Experimental Evidence on Racial Group Loyalty&apos; -- Jen Shang and Rachel Croson (2009), &apos;A Field Experiment in Charitable Contribution: The Impact of Social Information on the Voluntary Provision of Public Goods&apos; -- Jonathan Meer (2011), &apos;Brother, Can You Spare a Dime? Peer Pressure in Charitable Solicitation&apos; -- Stefano DellaVigna, John A. List and Ulrike Malmendier (2012), &apos;Testing for Altruism and Social Pressure in Charitable Giving&apos; -- Jonathan Gruber (2004), &apos;Pay or Pray? The Impact of Charitable Subsidies on Religious Attendance&apos; -- Daniel M. Hungerman (2005), &apos;Are Church and State Substitutes? Evidence from the 1996 Welfare Reform&apos; -- Carl Mellström and Magnus Johannesson (2011), &apos;Crowding Out in Blood Donation: Was Titmuss Right?&apos; -- Daniel W. Elfenbein and Brian McManus (2010), &apos;A Greater Price for a Greater Good? Evidence that Consumers Pay More for Charity-Linked Products&apos; -- Ayelet Gneezy, Uri Gneezy, Gerhard Riener and Leif D. Nelson (2012), &apos;Pay-What-You-Want, Identity, and Self-Signaling in Markets&apos;</subfield>
  </datafield>
  <datafield tag="520" ind1=" " ind2=" ">
    <subfield code="a">James Andreoni and John Miller (2002), &apos;Giving According to GARP: An Experimental Test of the Consistency of Preferences for Altruism&apos; -- James Andreoni and Lise Vesterlund (2001), &apos;Which is the Fair Sex? Gender Differences in Altruism&apos; -- Ulrich Mayr, William T. Harbaugh and Dharol Tankersley (2008), &apos;Neuroeconomics of Charitable Giving and Philanthropy&apos; -- Heidi Crumpler and Philip J. Grossman (2008), &apos;An Experimental Test of Warm Glow Giving&apos; -- Louis Kaplow (1995), &apos;A Note on Subsidizing Gifts&apos; -- Peter Diamond (2006), &apos;Optimal Tax Treatment of Private Contributions for Public Goods With and Without Warm Glow Preferences&apos; -- Charles T. Clotfelter (1980), &apos;Tax Incentives and Charitable Giving: Evidence from a Panel of Taxpayers&apos; -- William C. Randolph (1995), &apos;Dynamic Income, Progressive Taxes, and the Timing of Charitable Contributions&apos; -- Gerald E. Auten, Holger Sieg and Charles T. Clotfelter (2002), &apos;Charitable Giving, Income, and Taxes: An Analysis of Panel Data&apos; -- Gerald E. Auten, Charles T. Clotfelter and Richard L. Schmalbeck (2000), &apos;Taxes and Philanthropy Among the Wealthy&apos; -- James Andreoni, Eleanor Brown and Isaac Rischall (2003), &apos;Charitable Giving by Married Couples: Who Decides and Why Does it Matter?&apos; -- Gabrielle Fack and Camille Landais (2010), &apos;Are Tax Incentives for Charitable Giving Efficient? Evidence from France&apos; -- Eric J. Brunner (1997), &apos;An Empirical Test of Neutrality and the Crowding-Out Hypothesis&apos; -- A. Abigail Payne (1998), &apos;Does the Government Crowd-Out Private Donations? New Evidence from a Sample of Non-Profit Firms&apos; -- James Andreoni (1998), &apos;Toward a Theory of Charitable Fund-Raising&apos; -- John Morgan (2000), &apos;Financing Public Goods by Means of Lotteries&apos; -- Lise Vesterlund (2003), &apos;The Informational Value of Sequential Fundraising&apos; -- James Andreoni (2006), &apos;Leadership Giving in Charitable Fund-Raising&apos; -- James Andreoni and A. Abigail Payne (2003), &apos;Do Government Grants to Private Charities Crowd Out Giving or Fund-raising?&apos;</subfield>
  </datafield>
  <datafield tag="520" ind1=" " ind2=" ">
    <subfield code="a">Recommended readings (Machine generated): Kenneth E. Boulding (1962), &apos;Notes on a Theory of Philanthropy&apos; -- Harold M. Hochman and James D. Rodgers (1969), &apos;Pareto Optimal Redistribution&apos; -- Gary S. Becker (1974), &apos;A Theory of Social Interactions&apos; -- Kenneth J. Arrow (1981), &apos;Optimal and Voluntary Income Distribution&apos; -- Peter G. Warr (1983), &apos;The Private Provision of a Public Good is Independent of the Distribution of Income&apos; -- Russell D. Roberts (1984), &apos;A Positive Model of Private Charity and Public Transfers&apos; -- Theodore Bergstrom, Lawrence Blume and Hal Varian (1986), &apos;On the Private Provision of Public Goods&apos; -- James Andreoni (1988), &apos;Privately Provided Public Goods in a Large Economy: The Limits of Altruism&apos; -- B. Douglas Bernheim (1986), &apos;On the Voluntary and Involuntary Provision of Public Goods&apos; -- James Andreoni and Ted Bergstrom (1996), &apos;Do Government Subsidies Increase the Private Supply of Public Goods?&apos; -- Robert Sugden (1984), &apos;Reciprocity: The Supply of Public Goods Through Voluntary Contributions&apos; -- Richard Cornes and Todd Sandler (1984), &apos;Easy Riders, Joint Production, and Public Goods&apos; -- James Andreoni (1989), &apos;Giving with Impure Altruism: Applications to Charity and Ricardian Equivalence&apos; -- James Andreoni (1990), &apos;Impure Altruism and Donations to Public Goods: A Theory of Warm-Glow Giving&apos; -- William T. Harbaugh (1998), &apos;What Do Donations Buy?: A Model of Philanthropy Based on Prestige and Warm Glow&apos; -- David C. Ribar and Mark O. Wilhelm (2002), &apos;Altruistic and Joy-of-Giving Motivations in Charitable Behavior&apos; -- James Andreoni (1993), &apos;An Experimental Test of the Public-Goods Crowding-Out Hypothesis&apos; -- Gary E. Bolton and Elena Katok (1998), &apos;An Experimental Test of the Crowding Out Hypothesis: The Nature of Beneficent Behavior&apos; -- James Andreoni (1995), &apos;Cooperation in Public-Goods Experiments: Kindness of Confusion?&apos;</subfield>
  </datafield>
  <datafield tag="520" ind1=" " ind2=" ">
    <subfield code="a">Susan Rose-Ackerman (1982), &apos;Charitable Giving and &quot;Excessive&quot; Fundraising&apos; -- Alvaro J. Name-Correa and Huseyin Yildirim (2013), &apos;A Theory of Charitable Fund-Raising with Costly Solicitations&apos; -- John A. List and David Lucking-Reiley (2002), &apos;The Effects of Seed Money and Refunds on Charitable Giving: Experimental Evidence from a University Capital Campaign&apos; -- James Andreoni and Ragan Petrie (2004), &apos;Public Goods Experiments Without Confidentiality: A Glimpse into Fund-raising&apos; -- Adriaan R. Soetevent (2005), &apos;Anonymity in Giving in a Natural Context - A Field Experiment in 30 Churches&apos; -- Jan Potters, Martin Sefton and Lise Vesterlund (2005), &apos;After You - Endogenous Sequencing in Voluntary Contribution Games&apos; -- Catherine C. Eckel and Philip J. Grossman (2003), &apos;Rebate Versus Matching: Does How We Subsidize Charitable Contributions Matter?&apos; -- Stephan Meier (2003), &apos;Do Subsidies Increase Charitable Giving in the Long Run? Matching Donations in a Field Experiment&apos; -- Dean Karlan and John A. List (2007), &apos;Does Price Matter in Charitable Giving? Evidence from a Large-Scale Natural Field Experiment&apos; -- Steffen Huck and Imran Rasul (2011), &apos;Matched Fundraising: Evidence from a Natural Field Experiment&apos; -- Jeffrey Carpenter, Jessica Holmes and Peter Hans Matthews (2008), &apos;Charity Auctions: A Field Experiment&apos; -- Stephen Coate (1995), &apos;Altruism, the Samaritan&apos;s Dilemma, and Government Transfer Policy&apos; -- Amihai Glazer and Kai A. Konrad (1996), &apos;A Signaling Explanation for Charity&apos; -- James Andreoni and A. Abigail Payne (2011), &apos;Is Crowding Out Due Entirely to Fundraising? Evidence from a Panel of Charities&apos; -- David Card, Kevin F. Hallock and Enrico Moretti (2010), &apos;The Geography of Giving: The Effect of Corporate Headquarters on Local Charities&apos; -- Silvana Krasteva and Huseyin Yildirim (2013), &apos;(Un)Informed Charitable Giving&apos; -- James Andreoni and John Karl Scholz (1998), &apos;An Econometric Analysis of Charitable Giving with Interdependent Preferences&apos; -- Bruno S. Frey and Stephan Meier (2004), &apos;Social Comparisons and Pro-social Behavior: Testing &quot;Conditional Cooperation&quot; in a Field Experiment&apos; -- James Andreoni and B. Douglas Bernheim (2009), &apos;Social Image and the 50-50 Norm: A Theoretical and Experimental Analysis of Audience Effects&apos;</subfield>
  </datafield>
  <datafield tag="650" ind1=" " ind2="0">
    <subfield code="a">Charities</subfield>
  </datafield>
  <datafield tag="650" ind1=" " ind2="0">
    <subfield code="a">Fund raising</subfield>
  </datafield>
  <datafield tag="650" ind1=" " ind2="0">
    <subfield code="a">Humanitarianism</subfield>
  </datafield>
  <datafield tag="655" ind1=" " ind2="0">
    <subfield code="a">Electronic books</subfield>
  </datafield>
  <datafield tag="710" ind1="2" ind2=" ">
    <subfield code="a">Edward Elgar Publishing</subfield>
    <subfield code="4">oth</subfield>
  </datafield>
  <datafield tag="856" ind1="4" ind2="0">
    <subfield code="u">http://www.elgaronline.com/view/Research_Reviews/9781782546054/9781782546054.xml</subfield>
    <subfield code="x">Verlag; Elgar</subfield>
    <subfield code="3">Volltext</subfield>
  </datafield>
  <datafield tag="912" ind1=" " ind2=" ">
    <subfield code="a">ZDB-1-EWE</subfield>
  </datafield>
  <datafield tag="912" ind1=" " ind2=" ">
    <subfield code="a">ZDB-1-EWE</subfield>
  </datafield>
  <datafield tag="924" ind1="1" ind2=" ">
    <subfield code="a">1772923001</subfield>
    <subfield code="b">DE-206</subfield>
    <subfield code="9">206</subfield>
    <subfield code="c">GBV</subfield>
    <subfield code="d">d</subfield>
  </datafield>
  <datafield tag="951" ind1=" " ind2=" ">
    <subfield code="a">BO</subfield>
  </datafield>
</record>