
<?xml version="1.0" encoding="UTF-8"?>
<record xmlns="http://www.loc.gov/MARC21/slim">
  <leader>     cam a22     2  4500</leader>
  <controlfield tag="001">1023447991</controlfield>
  <controlfield tag="003">DE-627</controlfield>
  <controlfield tag="005">20200305162926.0</controlfield>
  <controlfield tag="007">cr uuu---uuuuu</controlfield>
  <controlfield tag="008">180529s2015    xx |||||o     00| ||eng c</controlfield>
  <datafield tag="020" ind1=" " ind2=" ">
    <subfield code="a">9781784713225</subfield>
    <subfield code="c"> : e-book</subfield>
    <subfield code="9">978-1-78471-322-5</subfield>
  </datafield>
  <datafield tag="035" ind1=" " ind2=" ">
    <subfield code="a">(DE-627)1023447991</subfield>
  </datafield>
  <datafield tag="035" ind1=" " ind2=" ">
    <subfield code="a">(DE-599)GBV1023447991</subfield>
  </datafield>
  <datafield tag="040" ind1=" " ind2=" ">
    <subfield code="a">DE-627</subfield>
    <subfield code="b">ger</subfield>
    <subfield code="c">DE-627</subfield>
    <subfield code="e">rakwb</subfield>
  </datafield>
  <datafield tag="041" ind1=" " ind2=" ">
    <subfield code="a">eng</subfield>
  </datafield>
  <datafield tag="044" ind1=" " ind2=" ">
    <subfield code="c">XA-GB</subfield>
  </datafield>
  <datafield tag="050" ind1=" " ind2="0">
    <subfield code="a">HJ2351.7</subfield>
  </datafield>
  <datafield tag="100" ind1="1" ind2=" ">
    <subfield code="a">Alm, James</subfield>
    <subfield code="4">aut</subfield>
  </datafield>
  <datafield tag="245" ind1="1" ind2="0">
    <subfield code="a">Tax reform in developing countries</subfield>
    <subfield code="c">James Alm and Jorge Martinez-Vazquez</subfield>
  </datafield>
  <datafield tag="264" ind1=" " ind2="1">
    <subfield code="a">Cheltenham</subfield>
    <subfield code="b">Edward Elgar Pub. Ltd</subfield>
    <subfield code="c">2015</subfield>
  </datafield>
  <datafield tag="300" ind1=" " ind2=" ">
    <subfield code="a">1 Online-Ressource (1 v)</subfield>
    <subfield code="c">cm</subfield>
  </datafield>
  <datafield tag="336" ind1=" " ind2=" ">
    <subfield code="a">Text</subfield>
    <subfield code="b">txt</subfield>
    <subfield code="2">rdacontent</subfield>
  </datafield>
  <datafield tag="337" ind1=" " ind2=" ">
    <subfield code="a">Computermedien</subfield>
    <subfield code="b">c</subfield>
    <subfield code="2">rdamedia</subfield>
  </datafield>
  <datafield tag="338" ind1=" " ind2=" ">
    <subfield code="a">Online-Ressource</subfield>
    <subfield code="b">cr</subfield>
    <subfield code="2">rdacarrier</subfield>
  </datafield>
  <datafield tag="500" ind1=" " ind2=" ">
    <subfield code="a">The recommended readings are available in the print version, or may be available via the link to your library&apos;s holdings</subfield>
  </datafield>
  <datafield tag="520" ind1=" " ind2=" ">
    <subfield code="a">In recent decades countries around the world have seen a wide diversity of tax reforms, both in major systematic changes, and through more specific areas of tax, such as value-added and income tax. The results of these reforms, however, have been unequal, and many issues remain unresolved. With advances in globalization, technology and regional integration, the issue of adapting tax systems in developing countries to new economic environments is becoming ever more pressing. This Research Review surveys the best research from the past three decades on tax reform in developing countries to highlight the state of knowledge of tax reform, analyse useful policy options and present new and critical approaches to this critical issue</subfield>
  </datafield>
  <datafield tag="520" ind1=" " ind2=" ">
    <subfield code="a">Lawrence Kenny and Stanley L. Winer (2006), &apos;Tax Systems in the World: An Empirical Investigation into the Importance of Tax Bases, Administrative Costs, Scale and Political Regime&apos;, International Tax and Public Finance, 13 (2-3), May, 181-215 -- Charles L. Vehorn (2011), &apos;Fiscal Adjustment in Developing Countries Through Tax Administration Reform&apos;, Journal of Developing Areas, 45 (1), Fall, 323-38 -- Richard M. Bird (2004), &apos;Administrative Dimensions of Tax Reform&apos;, Asia-Pacific Tax Bulletin, 10 (3), March, 134-50 -- Jorge Martinez-Vazquez and Andrey Timofeev (2010), &apos;Choosing Between Centralized and Decentralized Models of Tax Administration&apos;, International Journal of Public Administration, 33 (12-13), 601-19 -- Odd-Helge Fjeldstad and Mick Moore (2008), &apos;Tax Reform and State-Building in a Globalised World&apos;, in Deborah A. Bräutigam, Odd-Helge Fjeldstad and Mick Moore (eds), Taxation and State-Building in Developing Countries: Capacity and Consent, Chapter 10, Cambridge, UK: Cambridge University Press, 235-60 -- John Toye (2000), &apos;Fiscal Crisis and Fiscal Reform in Developing Countries&apos;, Cambridge Journal of Economics, 24 (1), January, 21-44 -- Micael Castanheira, Gaëtan Nicodème and Paola Profeta (2012), &apos;On the Political Economics of Tax Reforms: Survey and Empirical Assessment&apos;, International Tax and Public Finance, 19 (4), August, 598-624 -- Walter Hettich and Stanley L. Winer (1988), &apos;Economic and Political Foundations of Tax Structure&apos;, American Economic Review, 78 (4), September, 701-12 -- Antonis Adam (2009), &apos;Fiscal Reliance on Tariff Revenues: In Search of a Political Economy Explanation?&apos;, Review of Development Economics, 13 (4), November, 610-25 -- Malcolm Gillis (1985), &apos;Micro and Macroeconomics of Tax Reform: Indonesia&apos;, Journal of Development Economics, 19 (3), December, 221-54</subfield>
  </datafield>
  <datafield tag="520" ind1=" " ind2=" ">
    <subfield code="a">Michael Keen (2008), &apos;VAT, Tariffs, and Withholding: Border Taxes and Informality in Developing Countries&apos;, Journal of Public Economics, 92 (10-11), October, 1892-906 -- Emmanuelle Auriol and Michael Warlters (2012), &apos;The Marginal Cost of Public Funds and Tax Reform in Africa&apos;, Journal of Development Economics, 97 (1), January, 58-72 -- Young Lee and Roger H. Gordon (2005), &apos;Tax Structure and Economic Growth&apos;, Journal of Public Economics, 89 (5-6), June, 1027-43 -- Jens Matthias Arnold, Bert Brys, Christopher Heady, Åsa Johansson, Cyrille Schwellnus and Laura Vartia (2011), &apos;Tax Policy for Economic Recovery and Growth&apos;, Economic Journal, 121 (550), February, F59-F80 -- S. M. Ali Abbas and Alexander Klemm (2013), &apos;A Partial Race to the Bottom: Corporate Tax Developments in Emerging and Developing Economies&apos;, International Tax and Public Finance, 20 (4), August, 596-617 -- Céline Azémar and Andrew Delios (2008), &apos;Tax Competition and FDI: The Special Case of Developing Countries&apos;, Journal of the Japanese and International Economies, 22 (1), March, 85-108 -- Timothy Goodspeed, Jorge Martinez-Vazquez and Li Zhang (2011), &apos;Public Policies and FDI Location: Differences between Developing and Developed Countries&apos;, FinanzArchiv/Public Finance Analysis, 67 (2), 171-91 -- Howell H. Zee, Janet G. Stotsky, and Eduardo Ley (2002), &apos;Tax Incentives for Business Investment: A Primer for Policy Makers in Developing Countries&apos;, World Development, 30 (9), September, 1497-1516 -- Alexander Klemm (2010), &apos;Causes, Benefits, and Risks of Business Tax Incentives&apos;, International Tax and Public Finance, 17 (3), June, 315-36 -- James Alm, Jorge Martinez-Vazquez and Friedrich Schneider (2004), &apos;&quot;Sizing&quot; the Problem of the Hard-to-Tax&apos;, in James Alm, Jorge Martinez-Vazquez and Sally Wallace (eds), Taxing the Hard-to-Tax: Lessons from Theory and Practice, Chapter 2, Amsterdam, The Netherlands: Elsevier, 11-76 -- James Alm, Roy Bahl and Matthew N. Murray (1991), &apos;Tax Base Erosion in Developing Countries&apos;, Economic Development and Cultural Change, 39 (4), July, 849-72 -- Benjamin A. Olken and Monica Singhal (2011), &apos;Informal Taxation&apos;, American Economic Journal: Applied Economics, 3 (4), October, 1-28 -- Arindam Das-Gupta, Shanto Ghosh and Dilip Mookherjee (2004), &apos;Tax Administration Reform and Tax-Payer Compliance in India&apos;, International Tax and Public Finance, 11 (5), September, 575-600 -- Henrik J. Kleven and Mazhar Waseem (2013), &apos;Using Notches to Uncover Optimization Frictions and Structural Elasticities: Theory and Evidence From Pakistan&apos;, Quarterly Journal of Economics, 128 (2), May, 669-723 -- Roy Bahl and Richard M. Bird (2008), &apos;Subnational Taxes in Developing Countries: The Way Forward&apos;, Public Budgeting and Finance, 28 (4), Winter, 1-25 -- James Alm and Yongzheng Liu (2014), &apos;China&apos;s Tax-For-Fee Reform and Village Inequality&apos;, Oxford Development Studies, 42 (1), 38-64 -- Jorge Martinez-Vazquez (2007), &apos;Revenue Assignments in the Practice of Fiscal Decentralization&apos;, in Núria Bosch and José M. Durán (eds), Fiscal Federalism and Political Decentralization, Chapter 2, Cheltenham, UK and Northampton, MA: Edward Elgar Publishing Ltd, 27-55 -- Richard Goode (1993), &apos;Tax Advice to Developing Countries: An Historical Survey&apos;, World Development, 21 (1), January, 37-53 -- Knud J. Munk (2008), &apos;Tax-Tariff Reform with Costs of Tax Administration&apos;, International Tax and Public Finance, 15 (6), December, 647-67</subfield>
  </datafield>
  <datafield tag="520" ind1=" " ind2=" ">
    <subfield code="a">Recommended readings (Machine generated): Roy Bahl and Richard M. Bird (2008), &apos;Tax Policy in Developing Countries: Looking Back--and Forward&apos;, National Tax Journal, 61 (2), 279-302 -- Saeid Mahdavi (2008), &apos;The Level and Composition of Tax Revenue in Developing Countries: Evidence from Unbalanced Panel Data&apos;, International Review of Economics and Finance, 17 (4), October, 607-17 -- Roger H. Gordon and Wei Li (2009), &apos;Tax Structures in Developing Countries: Many Puzzles and a Possible Explanation&apos;, Journal of Public Economics, 93 (7-8), August, 855-66 -- Michael Keen and Ben Lockwood (2010), &apos;The Value Added Tax: Its Causes and Consequences&apos;, Journal of Development Economics, 92 (2), July, 138-51 -- Jorge Martinez-Vazquez, Violeta Vulovic and Yongzheng Liu (2011), &apos;Direct Versus Indirect Taxation: Trends, Theory and Economic Significance&apos;, in Emilio Albi and Jorge Martinez-Vazquez (eds), The Elgar Guide to Tax Systems, Chapter 2, Cheltenham, UK and Northampton, MA: Edward Elgar Publishing Ltd, 37-83 -- Klara Sabirianova Peter, Steve Buttrick and Denvil Duncan (2010), &apos;Global Reform of Personal Income Taxation, 1981-2005: Evidence From 189 Countries&apos;, National Tax Journal, 63 (3), September, 447-78 -- Jorge Martinez-Vazquez and Robert McNab (2000), &apos;The Tax Reform Experiment in Transitional Countries&apos;, National Tax Journal, 53 (2), June, 273-98 -- Vito Tanzi and Howell H. Zee (2000), &apos;Tax Policy for Emerging Markets: Developing Countries&apos;, National Tax Journal, 53 (2), June, 299-322 -- Richard M. Bird, Jorge Martinez-Vazquez and Benno Torgler (2008), &apos;Tax Effort in Developing Countries and High Income Countries: The Impact of Corruption, Voice and Accountability&apos;, Economic Analysis and Policy, 38 (1), March, 55-71 -- Emmanuelle Auriol and Michael Warlters (2005), &apos;Taxation Base in Developing Countries&apos;, Journal of Public Economics, 89 (4), April, 625-46 -- Thomas Piketty and Nancy Qian (2009), &apos;Income Inequality and Progressive Income Taxation in China and India, 1986-2015&apos;, American Economic Journal: Applied Economics, 1 (2), April, 53-63 -- Jean-Yves Duclos, Paul Makdissi and Abdelkrim Araar (2014), &apos;Pro-Poor Indirect Tax Reforms, With an Application to Mexico&apos;, International Tax and Public Finance, 21 (1), February, 87-118 -- Dillon Alleyne (2007), &apos;The Evolution of Jamaica&apos;s Tax Burden&apos;, Public Finance Review, 35 (1), January, 150-71 -- Jorge Martinez-Vazquez, Blanca Moreno-Dodson and Violeta Vulovic (2012), &apos;The Impact of Tax and Expenditure Policies on Income Distribution: Evidence from a Large Panel of Countries&apos;, Hacienda Pública Española/Review of Public Economics, 200 (4), 95-130 -- Richard M. Bird and Eric M. Zolt (2005), &apos;Redistribution via Taxation: The Limited Role of the Personal Income Tax in Developing Countries&apos;, UCLA Law Review, 52 (6), August, 1627-95 -- Norman Gemmell and Oliver Morrissey (2005), &apos;Distribution and Poverty Impacts of Tax Structure Reform in Developing Countries: How Little We Know&apos;, Development Policy Review, 23 (2), March, 131-44 -- Jorge Martinez-Vazquez (2008), &apos;The Impact of Budgets on the Poor: Tax and Expenditure Benefit Incidence Analysis&apos;, in Blanca Moreno-Dodson and Quentin Wodon (eds), Public Finance for Poverty Reduction, Chapter 5, Washington, DC: The World Bank, 113-62 -- Ehtisham Ahmad and Nicholas Stern (1984), &apos;The Theory of Reform and Indian Indirect Taxes&apos;, Journal of Public Economics, 25 (3), December, 259-98 -- David M. Newbery (1997), &apos;Optimal Tax Rates and Tax Design During Systemic Reform&apos;, Journal of Public Economics, 63 (2), January, 177-206 -- M. Shahe Emran and Joseph E. Stiglitz (2005), &apos;On Selective Indirect Tax Reform in Developing Countries&apos;, Journal of Public Economics, 89 (4), April, 599-623</subfield>
  </datafield>
  <datafield tag="650" ind1=" " ind2="0">
    <subfield code="a">Taxation</subfield>
    <subfield code="z">Developing countries</subfield>
  </datafield>
  <datafield tag="655" ind1=" " ind2="0">
    <subfield code="a">Electronic books</subfield>
  </datafield>
  <datafield tag="700" ind1="1" ind2=" ">
    <subfield code="a">Martinez-Vazquez, Jorge</subfield>
    <subfield code="4">oth</subfield>
  </datafield>
  <datafield tag="710" ind1="2" ind2=" ">
    <subfield code="a">Edward Elgar Publishing</subfield>
    <subfield code="4">oth</subfield>
  </datafield>
  <datafield tag="856" ind1="4" ind2="0">
    <subfield code="u">http://www.elgaronline.com/view/Research_Reviews/9781782545811/9781782545811.xml</subfield>
    <subfield code="x">Verlag; Elgar</subfield>
    <subfield code="3">Volltext</subfield>
  </datafield>
  <datafield tag="912" ind1=" " ind2=" ">
    <subfield code="a">ZDB-1-EWE</subfield>
  </datafield>
  <datafield tag="912" ind1=" " ind2=" ">
    <subfield code="a">ZDB-1-EWE</subfield>
  </datafield>
  <datafield tag="924" ind1="1" ind2=" ">
    <subfield code="a">1772922994</subfield>
    <subfield code="b">DE-206</subfield>
    <subfield code="9">206</subfield>
    <subfield code="c">GBV</subfield>
    <subfield code="d">d</subfield>
  </datafield>
  <datafield tag="951" ind1=" " ind2=" ">
    <subfield code="a">BO</subfield>
  </datafield>
</record>