
<?xml version="1.0" encoding="UTF-8"?>
<record xmlns="http://www.loc.gov/MARC21/slim">
  <leader>     cam a22     2  4500</leader>
  <controlfield tag="001">1023447967</controlfield>
  <controlfield tag="003">DE-627</controlfield>
  <controlfield tag="005">20200305162927.0</controlfield>
  <controlfield tag="007">cr uuu---uuuuu</controlfield>
  <controlfield tag="008">180529s2015    xx |||||o     00| ||eng c</controlfield>
  <datafield tag="020" ind1=" " ind2=" ">
    <subfield code="a">9781784713201</subfield>
    <subfield code="c"> : e-book</subfield>
    <subfield code="9">978-1-78471-320-1</subfield>
  </datafield>
  <datafield tag="035" ind1=" " ind2=" ">
    <subfield code="a">(DE-627)1023447967</subfield>
  </datafield>
  <datafield tag="035" ind1=" " ind2=" ">
    <subfield code="a">(DE-599)GBV1023447967</subfield>
  </datafield>
  <datafield tag="040" ind1=" " ind2=" ">
    <subfield code="a">DE-627</subfield>
    <subfield code="b">ger</subfield>
    <subfield code="c">DE-627</subfield>
    <subfield code="e">rakwb</subfield>
  </datafield>
  <datafield tag="041" ind1=" " ind2=" ">
    <subfield code="a">eng</subfield>
  </datafield>
  <datafield tag="044" ind1=" " ind2=" ">
    <subfield code="c">XD-US</subfield>
  </datafield>
  <datafield tag="050" ind1=" " ind2="0">
    <subfield code="a">HD75.6</subfield>
  </datafield>
  <datafield tag="245" ind1="1" ind2="0">
    <subfield code="a">Game theory and international environmental cooperation</subfield>
    <subfield code="b">essential readings</subfield>
    <subfield code="c">[edited by] Michael Finus, Alejandro Caparros</subfield>
  </datafield>
  <datafield tag="264" ind1=" " ind2="1">
    <subfield code="a">Northampton, MA</subfield>
    <subfield code="b">Edward Elgar Pub</subfield>
    <subfield code="c">2015</subfield>
  </datafield>
  <datafield tag="300" ind1=" " ind2=" ">
    <subfield code="a">1 Online-Ressource (p)</subfield>
    <subfield code="c">cm</subfield>
  </datafield>
  <datafield tag="336" ind1=" " ind2=" ">
    <subfield code="a">Text</subfield>
    <subfield code="b">txt</subfield>
    <subfield code="2">rdacontent</subfield>
  </datafield>
  <datafield tag="337" ind1=" " ind2=" ">
    <subfield code="a">Computermedien</subfield>
    <subfield code="b">c</subfield>
    <subfield code="2">rdamedia</subfield>
  </datafield>
  <datafield tag="338" ind1=" " ind2=" ">
    <subfield code="a">Online-Ressource</subfield>
    <subfield code="b">cr</subfield>
    <subfield code="2">rdacarrier</subfield>
  </datafield>
  <datafield tag="490" ind1="0" ind2=" ">
    <subfield code="a">The international library of critical writings in economics series</subfield>
  </datafield>
  <datafield tag="520" ind1=" " ind2=" ">
    <subfield code="a">Key environmental issues, such as biodiversity and climate change, have in recent years become more pressing than ever. Where the critical papers in the early 1990s explained the difficulties of cooperation in tackling transboundary environmental problems, later works have analyzed the various alternatives, and increased our understanding of various institutional designs and negotiation protocols&apos; impact on the success of cooperation. This Research Review identifies the most important articles on the game theoretic analysis of international environmental cooperation to both confront the cooperative and non-cooperative approaches to this, and demonstrate the diversity of methods used to analyze international environmental agreements</subfield>
  </datafield>
  <datafield tag="520" ind1=" " ind2=" ">
    <subfield code="a">A. Caparrós, J.-C. Péreau and T. Tazdaït (2004), &apos;North-South Climate Change Negotiations: A Sequential Game with Asymmetric Information&apos;, Public Choice, 121 (3-4), December, 455-80 -- Alejandro Caparrós and Jean-Christophe Péreau (2013), &apos;Forming Coalitions to Negotiate North-South Climate Agreements&apos;, Environment and Development Economics, Special Issue on Strategic Behaviour and Environmental Commons, 18 (1), February, 69-92 -- Bård Harstad (2012), &apos;Climate Contracts: A Game of Emissions, Investments, Negotiations, and Renegotiations&apos;, Review of Economic Studies, 79 (4), October, 1527-57 -- Carlo Carraro, Carmen Marchiori and Sonia Oreffice (2009), &apos;Endogenous Minimum Participation in International Environmental Treaties&apos;, Environmental and Resource Economics, 42 (3), March, 411-25 -- Astrid Dannenberg, Andreas Lange and Bodo Sturm (2014), &apos;Participation and Commitment in Voluntary Coalitions to Provide Public Goods&apos;, Economica, 81 (322), April, 257-75 -- Scott Barrett (2006), &apos;Climate Treaties and &quot;Breakthrough&quot; Technologies&apos;, American Economic Review, 96 (2), May, 22-5 -- Michael Hoel and Aart de Zeeuw (2010), &apos;Can a Focus on Breakthrough Technologies Improve the Performance of International Environmental Agreements?&apos;, Environmental and Resource Economics, 47 (3), November, 395-406 -- Matthew McGinty (2007), &apos;International Environmental Agreements among Asymmetric Nations&apos;, Oxford Economic Papers, 59 (1), January, 45-62 -- Hans-Peter Weikard (2009), &apos;Cartel Stability Under An Optimal Sharing Rule&apos;, Manchester School, 77 (5), September, 575-93 -- Carlo Carraro, Johan Eyckmans and Michael Finus (2006), &apos;Optimal Transfers and Participation Decisions in International Environmental Agreements&apos;, Review of International Organizations, 1 (4), December, 379-96 -- Matthew McGinty, Garrett Milam and Alejandro Gelves (2012), &apos;Coalition Stability in Public Goods Provision: Testing an Optimal Allocation Rule&apos;, Environmental and Resource Economics, 52 (3), July, 327-45 -- Stefan Ambec and Yves Sprumont (2002), &apos;Sharing a River&apos;, Journal of Economic Theory, 107 (2), December, 453-62 -- Andreas Lange and Carsten Vogt (2003), &apos;Cooperation in International Environmental Negotiations due to a Preference for Equity&apos;, Journal of Public Economics, 87 (9-10), September, 2049-67 -- Michael Kosfeld, Akira Okada and Arno Riedl (2009), &apos;Institution Formation in Public Goods Games&apos;, American Economic Review, 99 (4), September, 1335-55 -- Francesco Bosello, Barabara Buchner and Carlo Carraro (2003), &apos;Equity, Development, and Climate Change Control&apos;, Journal of the European Economic Association, 1 (2-3), April-May, 601-11 -- Johan Eyckmans and Michael Finus (2006), &apos;Coalition Formation in a Global Warming Game: How the Design of Protocols Affects the Success of Environmental Treaty-Making&apos;, Natural Resource Modeling, 19 (3), September, 323-58 -- Geir B. Asheim, Camilla Bretteville Froyn, Jon Hovi and Fredric C. Menz (2006), &apos;Regional versus Global Cooperation for Climate Control&apos;, Journal of Environmental Economics and Management, 51 (1), January, 93-109 -- Seong-lin Na and Hyun Song Shin (1998), &apos;International Environmental Agreements under Uncertainty&apos;, Oxford Economic Papers, 50 (2), April, 173-85 -- Michael Finus and Pedro Pintassilgo (2013), &apos;The Role of Uncertainty and Learning for the Success of International Climate Agreements&apos;, Journal of Public Economics, 103, July, 29-43 --</subfield>
  </datafield>
  <datafield tag="520" ind1=" " ind2=" ">
    <subfield code="a">Alfred Endres and Cornelia Ohl (2001), &apos;International Environmental Cooperation in the One Shot Prisoners&apos; Dilemma&apos;, Schmollers Jahrbuch, Zeitschrift für Wirtschafts- und Sozialwissenschaften/Journal of Applied Social Science Studies, 121 (1), 1-26 -- Vincent Boucher and Yann Bramoullé (2010), &apos;Providing Global Public Goods under Uncertainty&apos;, Journal of Public Economics, 94 (9-10), October, 591-603 -- Scott Barrett (2013), &apos;Climate Treaties and Approaching Catastrophes&apos;, Journal of Environmental Economics and Management, 66 (2), September, 235-50 -- Alessandro Tavoni, Astrid Dannenberg, Giorgos Kallis and Andreas Löschel (2011), &apos;Inequality, Communication, and The Avoidance of Disastrous Climate Change in a Public Goods Game&apos;, Proceedings of the National Academy of Sciences, 108 (29), July, 11825-9 -- Lata Gangadharan and Veronika Nemes (2009) &apos;Experimental Analysis of Risk and Uncertainty in Provisioning Private and Public Goods&apos;, Economic Inquiry 47 (1), January, 146-64 -- Santiago J. Rubio and Alistair Ulph (2007), &apos;An Infinite-Horizon Model of Dynamic Membership of International Environmental Agreements&apos;, Journal of Environmental Economics and Management, 54 (3), November, 296-310 -- Aart de Zeeuw (2008), &apos;Dynamic Effects on the Stability of International Environmental Agreements&apos;, Journal of Environmental Economics and Management, 55 (2), March, 163-74 -- Marc Germain, Philippe Toint, Henry Tulkens and Aart de Zeeuw (2003), &apos;Transfers to Sustain Dynamic Core-Theoretic Cooperation in International Stock Pollutant Control&apos;, Journal of Economic Dynamics and Control, 28 (1), October, 79-99 -- Hans-Peter Weikard, Rob Dellink and Ekko van Ierland (2010), &apos;Renegotiations in the Greenhouse&apos;, Environmental and Resource Economics, 45 (4), April, 573-96 -- Michèle Breton, Lucia Sbragia and Georges Zaccour (2010), &apos;A Dynamic Model for International Environmental Agreements&apos;, Environmental and Resource Economics, 45 (1), January, 25-48</subfield>
  </datafield>
  <datafield tag="520" ind1=" " ind2=" ">
    <subfield code="a">Recommended readings (Machine generated): Karl-Göran Mäler (1989), &apos;The Acid Rain Game&apos;, in H. Folmer and E. van Ierland (eds), Valuation Methods and Policy Making in Environmental Economics, Chapter 12, Amsterdam, The Netherlands: Elsevier, 231-52 -- Scott Barrett (1994), &apos;Self-Enforcing International Environmental Agreements&apos;, Oxford Economic Papers, Special Issue on Environmental Economics, 46, October, 878-94 -- Carlo Carraro and Domenico Siniscalco (1993), &apos;Strategies for the International Protection of the Environment&apos;, Journal of Public Economics, 52 (3), October, 309-28 -- Michael Hoel (1992), &apos;International Environment Conventions: The Case of Uniform Reductions of Emissions&apos;, Environmental and Resource Economics, 2 (2), March, 141-59 -- Parkash Chander and Henry Tulkens (1997), &apos;The Core of an Economy with Multilateral Environmental Externalities&apos;, International Journal of Game Theory, 26 (3), October, 379-401 -- Effrosyni Diamantoudi and Eftichios S. Sartzetakis (2006), &apos;Stable International Environmental Agreements: An Analytical Approach&apos;, Journal of Public Economic Theory, 8 (2), May, 247-63 -- Santiago J. Rubio and Alistair Ulph (2006), &apos;Self-Enforcing International Environmental Agreements Revisited&apos;, Oxford Economic Papers, 58 (2), April, 233-63 -- Larry Karp and Leo Simon (2013), &apos;Participation Games and International Environmental Agreements: A Non-Parametric Model&apos;, Journal of Environmental Economics and Management, 65 (2), March, 326-44 -- Carsten Helm (2001), &apos;On the Existence of a Cooperative Solution for a Coalitional Game with Externalities&apos;, International Journal of Game Theory, 30 (1), September, 141-6 -- Rögnvaldur Hannesson (1997), &apos;Fishing as a Supergame&apos;, Journal of Environmental Economics and Management, 32 (3), March, 309-22 -- Michael Finus and Sigve Tjøtta (2003), &apos;The Oslo Protocol on Sulfur Reduction: The Great Leap Forward?&apos; Journal of Public Economics, 87 (9-10), September, 2031-48 -- Henk Folmer, Pierre v. Mouche and Shannon Ragland (1993), &apos;Interconnected Games and International Environmental Problems&apos;, Environmental and Resource Economics, 3 (4), August, 313-35 -- Anke Gerber and Philipp C. Wichardt (2009), &apos;Providing Public Goods in the Absence of Strong Institutions&apos;, Journal of Public Economics, 93 (3-4), April, 429-39 -- Todd L. Cherry and David M. McEvoy (2013), &apos;Enforcing Compliance with Environmental Agreements in the Absence of Strong Institutions: An Experimental Analysis&apos;, Environmental and Resource Economics, 54 (1), January, 63-77 -- David M. McEvoy and John K. Stranlund (2009), &apos;Self-Enforcing International Environmental Agreements with Costly Monitoring for Compliance&apos;, Environmental and Resource Economics, 42 (4), April, 491-508 -- Nori Tarui, Charles F. Mason, Stephen Polasky and Greg Ellis (2008), &apos;Cooperation in the Commons with Unobservable Actions&apos;, Journal of Environmental Economics and Management, 55 (1), January, 37-51 -- Prajit K. Dutta and Roy Radner (2009) &apos;A Strategic Analysis of Global Warming: Theory and Some Numbers&apos;, Journal of Economic Behavior and Organization, 71 (2), August, 187-209 -- Michael Finus and Bianca Rundshagen (1998), &apos;Toward a Positive Theory of Coalition Formation and Endogenous Instrumental Choice in Global Pollution Control&apos;, Public Choice, 96 (1-2), July, 145-86 -- Scott Barrett (2002), &apos;Consensus Treaties&apos;, Journal of Institutional and Theoretical Economics, 158 (4), December, 529-47 -- Pierre Courtois and Guillaume Haeringer (2012), &apos;Environmental Cooperation: Ratifying Second-Best Agreements&apos;, Public Choice, 151 (3-4), June, 565-84 --</subfield>
  </datafield>
  <datafield tag="650" ind1=" " ind2="0">
    <subfield code="a">Game theory</subfield>
  </datafield>
  <datafield tag="650" ind1=" " ind2="0">
    <subfield code="a">Environmental law, International</subfield>
  </datafield>
  <datafield tag="650" ind1=" " ind2="0">
    <subfield code="a">Environmental economics</subfield>
  </datafield>
  <datafield tag="655" ind1=" " ind2="0">
    <subfield code="a">Electronic books</subfield>
  </datafield>
  <datafield tag="700" ind1="1" ind2=" ">
    <subfield code="a">Caparrós, A.</subfield>
    <subfield code="4">oth</subfield>
  </datafield>
  <datafield tag="700" ind1="1" ind2=" ">
    <subfield code="a">Finus, Michael</subfield>
    <subfield code="d">1965-</subfield>
    <subfield code="4">oth</subfield>
  </datafield>
  <datafield tag="710" ind1="2" ind2=" ">
    <subfield code="a">Edward Elgar Publishing</subfield>
    <subfield code="4">oth</subfield>
  </datafield>
  <datafield tag="776" ind1="1" ind2=" ">
    <subfield code="z">9781782545095 (hardback)</subfield>
  </datafield>
  <datafield tag="776" ind1="0" ind2="8">
    <subfield code="i">Available in another form</subfield>
    <subfield code="z">9781782545095 (hardback)</subfield>
  </datafield>
  <datafield tag="856" ind1="4" ind2="0">
    <subfield code="u">http://www.elgaronline.com/view/Research_Reviews/9781782545095/9781782545095.xml</subfield>
    <subfield code="x">Verlag; Elgar</subfield>
    <subfield code="3">Volltext</subfield>
  </datafield>
  <datafield tag="912" ind1=" " ind2=" ">
    <subfield code="a">ZDB-1-EWE</subfield>
  </datafield>
  <datafield tag="912" ind1=" " ind2=" ">
    <subfield code="a">ZDB-1-EWE</subfield>
  </datafield>
  <datafield tag="924" ind1="1" ind2=" ">
    <subfield code="a">177292296X</subfield>
    <subfield code="b">DE-206</subfield>
    <subfield code="9">206</subfield>
    <subfield code="c">GBV</subfield>
    <subfield code="d">d</subfield>
  </datafield>
  <datafield tag="951" ind1=" " ind2=" ">
    <subfield code="a">BO</subfield>
  </datafield>
</record>