
<?xml version="1.0" encoding="UTF-8"?>
<record xmlns="http://www.loc.gov/MARC21/slim">
  <leader>     cam a22     2  4500</leader>
  <controlfield tag="001">1023447908</controlfield>
  <controlfield tag="003">DE-627</controlfield>
  <controlfield tag="005">20200305162927.0</controlfield>
  <controlfield tag="007">cr uuu---uuuuu</controlfield>
  <controlfield tag="008">180529s2015    xx |||||o     00| ||eng c</controlfield>
  <datafield tag="020" ind1=" " ind2=" ">
    <subfield code="a">9781784713188</subfield>
    <subfield code="c"> : e-book</subfield>
    <subfield code="9">978-1-78471-318-8</subfield>
  </datafield>
  <datafield tag="035" ind1=" " ind2=" ">
    <subfield code="a">(DE-627)1023447908</subfield>
  </datafield>
  <datafield tag="035" ind1=" " ind2=" ">
    <subfield code="a">(DE-599)GBV1023447908</subfield>
  </datafield>
  <datafield tag="040" ind1=" " ind2=" ">
    <subfield code="a">DE-627</subfield>
    <subfield code="b">ger</subfield>
    <subfield code="c">DE-627</subfield>
    <subfield code="e">rakwb</subfield>
  </datafield>
  <datafield tag="041" ind1=" " ind2=" ">
    <subfield code="a">eng</subfield>
  </datafield>
  <datafield tag="044" ind1=" " ind2=" ">
    <subfield code="c">XA-GB</subfield>
  </datafield>
  <datafield tag="050" ind1=" " ind2="0">
    <subfield code="a">HB501</subfield>
  </datafield>
  <datafield tag="100" ind1="1" ind2=" ">
    <subfield code="a">Krug, Barbara</subfield>
    <subfield code="4">aut</subfield>
  </datafield>
  <datafield tag="245" ind1="1" ind2="0">
    <subfield code="a">State capitalism</subfield>
    <subfield code="c">Barbara Krug</subfield>
  </datafield>
  <datafield tag="264" ind1=" " ind2="1">
    <subfield code="a">Cheltenham</subfield>
    <subfield code="b">Edward Elgar Pub. Ltd</subfield>
    <subfield code="c">2015</subfield>
  </datafield>
  <datafield tag="300" ind1=" " ind2=" ">
    <subfield code="a">1 Online-Ressource (1 v)</subfield>
    <subfield code="c">cm</subfield>
  </datafield>
  <datafield tag="336" ind1=" " ind2=" ">
    <subfield code="a">Text</subfield>
    <subfield code="b">txt</subfield>
    <subfield code="2">rdacontent</subfield>
  </datafield>
  <datafield tag="337" ind1=" " ind2=" ">
    <subfield code="a">Computermedien</subfield>
    <subfield code="b">c</subfield>
    <subfield code="2">rdamedia</subfield>
  </datafield>
  <datafield tag="338" ind1=" " ind2=" ">
    <subfield code="a">Online-Ressource</subfield>
    <subfield code="b">cr</subfield>
    <subfield code="2">rdacarrier</subfield>
  </datafield>
  <datafield tag="500" ind1=" " ind2=" ">
    <subfield code="a">The recommended readings are available in the print version, or may be available via the link to your library&apos;s holdings</subfield>
  </datafield>
  <datafield tag="520" ind1=" " ind2=" ">
    <subfield code="a">This book takes as its starting point the question of whether contemporary state capitalism simply uses different tools than earlier or other variants of capitalism, or whether it is an altogether new kind of economic regime. It brings together key research and commentary which will help to define the concept of contemporary state capitalism as an economic model and present a nuanced view of state capitalism in action. The editor has selected the articles on the basis of their academic merit, but has also included articles representative of the specific academic climate of a certain time such as Marxist-based concepts. Although these may look &apos;out-of date&apos; or have been dismissed as unsatisfactory, they are nevertheless important for an understanding of the development of the debate. A clear original introduction by the editor provides an illuminating guide to this topic and indicates new areas for further study and analysis</subfield>
  </datafield>
  <datafield tag="520" ind1=" " ind2=" ">
    <subfield code="a">Colin Crouch (2005), &apos;Models of Capitalism&apos; -- Richard Whitley (2007), &apos;The Contingent Nature of National Business Systems: Types of States and Complementary Institutions&apos; -- Bruno Amable (2000), &apos;Institutional Complementarity and Diversity of Social Systems of Innovation and Production&apos; -- Michael Carney, Eric Gedajlovic and Xiaohua Yang (2009), &apos;Varieties of Asian Capitalism: Toward an Institutional Theory of Asian Enterprise&apos; -- Gary G. Hamilton and Nicole Woolsey Biggart (1988), &apos;Market, Culture, and Authority: A Comparative Analysis of Management and Organization in the Far East&apos; -- John Shuhe Li (2003), &apos;Relation-based versus Rule-based Governance: An Explanation of the East Asian Miracle and Asian Crisis&apos; -- Paul W. Kuznets (1988), &apos;An East Asian Model of Economic Development: Japan, Taiwan, and South Korea&apos; -- Robert Wade (1993), &apos;Managing Trade: Taiwan and South Korea as Challenges to Economics and Political Science&apos; -- Chung H. Lee (1992), &apos;The Government, Financial System, and Large Private Enterprises in the Economic Development of South Korea&apos; -- W.G. Huff (1995), &apos;The Developmental State, Government, and Singapore&apos;s Economic Development since 1960&apos; -- Natasha Hamilton-Hart (2000), &apos;The Singapore State Revisited&apos; -- Masahiko Aoki (2013), &apos;Historical Sources of Institutional Trajectories in Economic Development: China, Japan and Korea Compared&apos; -- Gérard Roland (2002), &apos;The Political Economy of Transition&apos; -- Timothy Frye and Andrei Shleifer (1997), &apos;The Invisible Hand and the Grabbing Hand&apos; -- David Lipton and Jeffrey Sachs (1990), &apos;Creating a Market Economy in Eastern Europe: The Case of Poland&apos; -- Richard Whitley and Laszlo Czaban (1998), &apos;Institutional Transformation and Enterprise Change in an Emergent Capitalist Economy: The Case of Hungary&apos; -- Jonathan Isham, Michael Woolcock, Lant Pritchett and Gwen Busby (2005), &apos;The Varieties of Resource Experience: Natural Resource Export Structures and the Political Economy of Economic Growth&apos; -- Matthew Gray (2011), &apos;A Theory of &apos;Late Rentierism&apos; in the Arab States of the Gulf&apos; -- Rolf Schwarz (2008), &apos;The Political Economy of State-Formation in the Arab Middle East: Rentier States, Economic Reform, and Democratization&apos;</subfield>
  </datafield>
  <datafield tag="520" ind1=" " ind2=" ">
    <subfield code="a">H. Mahdavy (1970), &apos;The Patterns and Problems of Economic Development in Rentier States: The Case of Iran&apos; -- Ümit Cizre-Sakallhoglu and Erinç Yeldan (2000), &apos;Politics, Society and Financial Liberalization: Turkey in the 1990s&apos; -- Roy Karadag (2010), &apos;Neoliberal Restructuring in Turkey: From State to Oligarchic Capitalism&apos; -- Victor Nee and Sonja Opper (2012), &apos;Entrepreneurs and Institutional Innovation&apos; -- Simon Johnson, Daniel Kaufmann and Andrei Shleifer (1997), &apos;The Unofficial Economy in Transition&apos; -- Michael L. Katz and Carl Shapiro (1994), &apos;Systems Competition and Network Effects&apos; -- Barbara Krug and Hans Hendrischke (2012), &apos;Market Design in Chinese Market Places&apos; -- Barbara Krug (2012), &apos;Political Embeddedness in China: Strengths and Limitations&apos; -- Joel S. Hellmann, Geraint Jones and Daniel Kaufmann (2003), &apos;Seize the State, Seize the Day: State Capture and Influence in Transition Economies&apos; -- Joel S. Hellmann (1998), &apos;Winners Take All: The Politics of Partial Reform in Postcommunist Transitions&apos; -- Andrew G. Walder (2003), &apos;Elite Opportunity in Transitional Economies&apos; -- Nan Lin (2011), &apos;Capitalism in China: A Centrally Managed Capitalism (CMC) and Its Future&apos; -- Heinrich Best (2005), &apos;Stabilizing Democracy in Eastern Europe under the Condition of Highly Volatile Political Elites&apos; -- David Stark (1996), &apos;Recombinant Property in East European Capitalism&apos; -- Asim Ijaz Khwaja and Atif Mian (2005), &apos;Do Lenders Favor Politically Connected Firms? Rent Provision in an Emerging Financial Market&apos; -- Mike W. Peng (2003), &apos;Institutional Transitions and Strategic Choices&apos; -- Jay Pil Choi and Marcel Thum (2009), &apos;The Economics of Politically-connected Firms&apos; -- Mara Faccio (2006), &apos;Politically Connected Firms&apos; -- Andrei Shleifer and Robert W. Vishny (1994), &apos;Politicians and Firms&apos;</subfield>
  </datafield>
  <datafield tag="520" ind1=" " ind2=" ">
    <subfield code="a">Recommended readings (Machine generated): Ian Bremmer (2009), &apos;State Capitalism Comes of Age: The End of the Free Market?&apos; -- Henrique Schneider (2012), &apos;State-capitalism and Globalization - A Challenge to Whom?&apos; -- Paul Dragos Aligica and Vlad Tarko (2012), &apos;State Capitalism and the Rent-seeking Conjecture&apos; -- Alex Dupuy and Barry Truchil (1979), &apos;Problems in the Theory of State Capitalism&apos; -- James Petras (1977), &apos;State Capitalism and the Third World&apos; -- Theda Skocpol and Kenneth Finegold (1982), &apos;State Capacity and Economic Intervention in the Early New Deal&apos; -- Ben Turok (1980), &apos;Zambia&apos;s System of State Capitalism&apos; -- Markus Jäntti, Juho Saari and Juhana Vartiainen (2006), &apos;Growth and Equity in Finland&apos; -- Karen Farsoun (1975), &apos;State Capitalism in Algeria&apos; -- Larry Diamond (2002), &apos;Thinking about Hybrid Regimes&apos; -- Raymond D. Duvall and John R. Freeman (1981), &apos;The State and Dependent Capitalism&apos; -- Beatriz Magaloni (2008), &apos;Credible Power-Sharing and the Longevity of Authoritarian Rule&apos; -- Andrew J. Nathan (2003), &apos;Authoritarian Resilience&apos; -- Douglass C. North (1991), &apos;Institutions&apos; -- Douglass C. North (1993), &apos;The New Institutional Economics and Development&apos; -- Oliver E. Williamson (1991), &apos;Economic Institutions: Spontaneous and Intentional Governance&apos; -- Victor Nee (2000), &apos;The Role of the State in Making a Market Economy&apos; -- Andrei Shleifer and Robert W. Vishny (1994), &apos;The Politics of Market Socialism&apos; -- Peter A. Hall and Daniel W. Gingerich (2009), &apos;Varieties of Capitalism and Institutional Complementarities in the Political Economy: An Empirical Analysis&apos;</subfield>
  </datafield>
  <datafield tag="520" ind1=" " ind2=" ">
    <subfield code="a">Robert E. Hoskisson, Mike Wright, Igor Filatotchev and Mike W. Peng (2013), &apos;Emerging Multinationals from Mid-Range Economies: The Influence of Institutions and Factor Markets&apos; -- John Child and Suzana B. Rodrigues (2011), &apos;How Organizations Engage with External Complexity: A Political Action Perspective&apos;</subfield>
  </datafield>
  <datafield tag="650" ind1=" " ind2="0">
    <subfield code="a">Capitalism</subfield>
  </datafield>
  <datafield tag="655" ind1=" " ind2="0">
    <subfield code="a">Electronic books</subfield>
  </datafield>
  <datafield tag="710" ind1="2" ind2=" ">
    <subfield code="a">Edward Elgar Publishing</subfield>
    <subfield code="4">oth</subfield>
  </datafield>
  <datafield tag="856" ind1="4" ind2="0">
    <subfield code="u">http://www.elgaronline.com/view/Research_Reviews/9781781954881/9781781954881.xml</subfield>
    <subfield code="x">Verlag; Elgar</subfield>
    <subfield code="3">Volltext</subfield>
  </datafield>
  <datafield tag="912" ind1=" " ind2=" ">
    <subfield code="a">ZDB-1-EWE</subfield>
  </datafield>
  <datafield tag="912" ind1=" " ind2=" ">
    <subfield code="a">ZDB-1-EWE</subfield>
  </datafield>
  <datafield tag="924" ind1="1" ind2=" ">
    <subfield code="a">1772922900</subfield>
    <subfield code="b">DE-206</subfield>
    <subfield code="9">206</subfield>
    <subfield code="c">GBV</subfield>
    <subfield code="d">d</subfield>
  </datafield>
  <datafield tag="951" ind1=" " ind2=" ">
    <subfield code="a">BO</subfield>
  </datafield>
</record>