
<?xml version="1.0" encoding="UTF-8"?>
<record xmlns="http://www.loc.gov/MARC21/slim">
  <leader>     cam a22     2  4500</leader>
  <controlfield tag="001">102344786X</controlfield>
  <controlfield tag="003">DE-627</controlfield>
  <controlfield tag="005">20200305162928.0</controlfield>
  <controlfield tag="007">cr uuu---uuuuu</controlfield>
  <controlfield tag="008">180529s2015    xx |||||o     00| ||eng c</controlfield>
  <datafield tag="020" ind1=" " ind2=" ">
    <subfield code="a">9781784716172</subfield>
    <subfield code="c"> : e-book</subfield>
    <subfield code="9">978-1-78471-617-2</subfield>
  </datafield>
  <datafield tag="035" ind1=" " ind2=" ">
    <subfield code="a">(DE-627)102344786X</subfield>
  </datafield>
  <datafield tag="035" ind1=" " ind2=" ">
    <subfield code="a">(DE-599)GBV102344786X</subfield>
  </datafield>
  <datafield tag="040" ind1=" " ind2=" ">
    <subfield code="a">DE-627</subfield>
    <subfield code="b">ger</subfield>
    <subfield code="c">DE-627</subfield>
    <subfield code="e">rakwb</subfield>
  </datafield>
  <datafield tag="041" ind1=" " ind2=" ">
    <subfield code="a">eng</subfield>
  </datafield>
  <datafield tag="044" ind1=" " ind2=" ">
    <subfield code="c">XA-GB</subfield>
  </datafield>
  <datafield tag="050" ind1=" " ind2="0">
    <subfield code="a">S494.5.B563</subfield>
  </datafield>
  <datafield tag="100" ind1="1" ind2=" ">
    <subfield code="a">Phillips, Peter W. B.</subfield>
    <subfield code="4">aut</subfield>
  </datafield>
  <datafield tag="245" ind1="1" ind2="0">
    <subfield code="a">Biotechnology, agriculture and development</subfield>
    <subfield code="c">Peter W.B. Phillips, David Castle and Stuart J. Smyth</subfield>
  </datafield>
  <datafield tag="264" ind1=" " ind2="1">
    <subfield code="a">Cheltenham</subfield>
    <subfield code="b">Edward Elgar Pub. Ltd</subfield>
    <subfield code="c">2015</subfield>
  </datafield>
  <datafield tag="300" ind1=" " ind2=" ">
    <subfield code="a">1 Online-Ressource (1 v)</subfield>
    <subfield code="c">cm</subfield>
  </datafield>
  <datafield tag="336" ind1=" " ind2=" ">
    <subfield code="a">Text</subfield>
    <subfield code="b">txt</subfield>
    <subfield code="2">rdacontent</subfield>
  </datafield>
  <datafield tag="337" ind1=" " ind2=" ">
    <subfield code="a">Computermedien</subfield>
    <subfield code="b">c</subfield>
    <subfield code="2">rdamedia</subfield>
  </datafield>
  <datafield tag="338" ind1=" " ind2=" ">
    <subfield code="a">Online-Ressource</subfield>
    <subfield code="b">cr</subfield>
    <subfield code="2">rdacarrier</subfield>
  </datafield>
  <datafield tag="500" ind1=" " ind2=" ">
    <subfield code="a">The recommended readings are available in the print version, or may be available via the link to your library&apos;s holdings</subfield>
  </datafield>
  <datafield tag="520" ind1=" " ind2=" ">
    <subfield code="a">Recent innovations in agriculture and food technologies have brought benefits to many countries, particularly in developing regions, but information about the extent of these has often been sparse. This research review examines the best papers on the subject to form a comprehensive, global perspective on the impacts of agricultural biotechnology around the world. With an emphasis on the economic, environmental, health and food security aspects of agbiotech, Biotechnology, Agriculture and Development will prove to be an invaluable resource for academics, students and researchers alike</subfield>
  </datafield>
  <datafield tag="520" ind1=" " ind2=" ">
    <subfield code="a">Arjunan Subramanian and Matin Qaim (2010), &apos;The Impact of Bt Cotton on Poor Households in Rural India&apos; -- Felicia Wu (2006), &apos;Mycotoxin Reduction in Bt Corn: Potential Economic, Health, and Regulatory Impacts&apos; -- David Zilberman, Holly Ameden and Matin Qiam (2007), &apos;The Impact of Agricultural Biotechnology on Yields, Risks, and Biodiversity in Low-Income Countries&apos; -- David Zilberman, Holly Ameden, Gregory D. Graff and Matin Qaim (2004), &apos;Agricultural Biotechnology: Productivity, Biodiversity, and Intellectual Property Rights&apos; -- Roukayatou Zimmermann and Matin Qaim (2004), &apos;Potential Health Benefits of Golden Rice: A Philippine Case Study&apos;</subfield>
  </datafield>
  <datafield tag="520" ind1=" " ind2=" ">
    <subfield code="a">Jikun Huang, Deliang Zhang, Jun Yang, Scott Rozelle and Nicholas Kalaitzandonakes (2008), &apos;Will the Biosafety Protocol Hinder or Protect the Developing World: Learning from China&apos;s Experience&apos; -- Jikun Huang, Ruifa Hu, Scott Rozelle and Carl Pray (2008), &apos;Genetically Modified Rice, Yields, and Pesticides: Assessing Farm-Level Productivity Effects in China&apos; -- W.D. Hutchison, E.C. Burkness, P.D. Mitchell, R.D. Moon, T.W. Leslie, S.J. Fleischer, M. Abrahamson, K.L. Hamilton, K.L. Steffey, M.E. Gray, R.L. Hellmich, L.V. Kaster, T.E. Hunt, R.J. Wright, K. Pecinovsky, T.L. Rabaey, B.R. Flood and E.S. Raun (2010), &apos;Areawide Suppression of European Corn Borer with Bt Maize Reaps Savings to Non-Bt Maize Growers&apos; -- Calestous Juma (2011), &apos;Science Meets Farming in Africa&apos; -- Nicholas Kalaitzandonakes, Richard Maltsbarger and James Barnes (2001), &apos;Global Identity Preservation Costs in Agricultural Supply Chains&apos; -- Michael Lipton (2001), &apos;Reviving Global Poverty Reduction: What Role for Genetically Modified Plants?&apos; -- GianCarlo Moschini (2001), &apos;Biotech-Who Wins? Economic Benefits and Costs of Biotechnology Innovations in Agriculture&apos; -- Giancarlo Moschini and Harvey Lapan (1997), &apos;Intellectual Property Rights and the Welfare Effects of Agricultural R&amp;D&apos; -- Carl E. Pray, Jikun Huang, Ruifa Hu and Scott Rozelle (2002), &apos;Five Years of Bt Cotton in China - The Benefits Continue&apos; -- Carl E. Pray (2001), &apos;Public-Private Sector Linkages in Research and Development: Biotechnology and the Seed Industry in Brazil, China and India&apos; -- Carl E. Pray and Anwar Naseem (2007), &apos;Supplying Crop Biotechnology to the Poor: Opportunities and Constraints&apos; -- Matin Qaim and Greg Traxler (2005), &apos;Roundup Ready Soybeans in Argentina: Farm Level and Aggregate Welfare Effects&apos; -- Matin Qaim (2009), &apos;The Economics of Genetically Modified Crops&apos; -- Matin Qaim (2003), &apos;Bt Cotton in India: Field Trial Results and Economic Projections&apos; -- Matin Qaim and Alain de Janvry (2003), &apos;Genetically Modified Crops, Corporate Pricing Strategies, and Farmers&apos; Adoption: The Case of Bt Cotton in Argentina&apos; -- Melinda Smale, Patricia Zambrano and Mélodie Cartel (2006), &apos;Bales and Balance: A Review of the Methods Used to Assess the Economic Impact of Bt Cotton on Farmers in Developing Economies&apos; -- Stuart J. Smyth and Drew L. Kershen (2006), &apos;Agricultural Biotechnology: Legal Liability Regimes from Comparative and International Perspectives&apos; -- Stuart J. Smyth, George G. Khachatourians and Peter W.B. Phillips (2002), &apos;Liabilities and Economics of Transgenic Crops&apos; -- Stuart J. Smyth, William A. Kerr and Peter W.B. Phillips (2011), &apos;Recent Trends in the Scientific Basis of Sanitary and Phytosanitary Trade Rules and their Potential Impact on Investment&apos;</subfield>
  </datafield>
  <datafield tag="520" ind1=" " ind2=" ">
    <subfield code="a">Recommended readings (Machine generated): Philipp Aerni (2011), &apos;Do Political Attitudes Affect Consumer Choice? Evidence from a Large-Scale Field Study with Genetically Modified Bread in Switzerland&apos; -- Akhter Ali and Awudu Abdulai (2010), &apos;The Adoption of Genetically Modified Cotton and Poverty Reduction in Pakistan&apos; -- Julian M. Alston, Michele C. Marra, Philip G. Pardey and T.J. Wyatt (2000), &apos;Research Returns Redux: A Meta-Analysis of the Returns to Agricultural R&amp;D&apos; -- Klaus Ammann (2007), &apos;Reconciling Traditional Knowledge with Modern Agriculture: A Guide for Building Bridges&apos; -- Kym Anderson (2010), &apos;Economic Impacts of Policies Affecting Crop Biotechnology and Trade&apos; -- Arnab K. Basu and Matin Qaim (2007), &apos;On The Adoption of Genetically Modified Seeds in Developing Countries and the Optimal Types of Government Intervention&apos; -- Volker Beckmann, Claudio Soregaroli and Justus Wesseler (2006), &apos;Coexistence Rules and Regulations in the European Union&apos; -- Richard Bennett, Stephen Morse and Yousouf Ismael (2006), &apos;The Economic Impact of Genetically Modified Cotton on South African Smallholders: Yield, Profit and Health Effects&apos; -- Graham Brookes and Peter Barfoot (2012), &apos;Global Impact of Biotech Crops: Environmental Effects, 1996-2010&apos; -- Derek Byerlee and Ken Fischer (2002), &apos;Accessing Modern Science: Policy and Institutional Options for Agricultural Biotechnology in Developing Countries&apos; -- Carl Pray, Danmeng Ma, Jikun Huang and Fangbin Qiao (2001), &apos;Impact of Bt Cotton in China&apos; -- Carl K. Eicher, Karim Maredia and Idah Sithole-Niang (2006), &apos;Crop Biotechnology and the African Farmer&apos; -- José Benjamin Falck-Zepeda, Greg Traxler and Robert G. Nelson (2000), &apos;Surplus Distribution from the Introduction of a Biotechnology Innovation&apos; -- Jose Falck-Zepeda, Jose Yorobe, Jr., Bahagiawati Amir Husin, Abraham Manalo, Erna Lokollo, Godfrey Ramon, Patricia Zambrano (2012), &apos;Estimates and Implications of the Costs of Compliance with Biosafety Regulations in Developing Countries&apos; -- Jorge Fernandez-Cornejo and Margriet Caswell, with contributions from Lorraine Mitchell, Elise Golan and Fred Kuchler (2006), &apos;The First Decade of Genetically Engineered Crops in the United States&apos; -- George B. Frisvold and Jeanne M. Reeves (2010), &apos;Resistance Management and Sustainable Use of Agricultural Biotechnology&apos; -- Guillaume Gruère and Debdatta Sengupta (2011), &apos;Bt Cotton and Farmer Suicides in India: An Evidence-Based Assessment&apos; -- Ronald J. Herring (2007), &apos;Stealth Seeds: Bioproperty, Biosafety, Biopolitics&apos; -- Jikun Huang, Scott Rozelle, Carl Pray and Qinfang Wang (2002), &apos;Plant Biotechnology in China&apos;</subfield>
  </datafield>
  <datafield tag="650" ind1=" " ind2="0">
    <subfield code="a">Economic development</subfield>
  </datafield>
  <datafield tag="650" ind1=" " ind2="0">
    <subfield code="a">Agricultural biotechnology</subfield>
  </datafield>
  <datafield tag="650" ind1=" " ind2="0">
    <subfield code="a">Food</subfield>
    <subfield code="x">Biotechnology</subfield>
  </datafield>
  <datafield tag="650" ind1=" " ind2="0">
    <subfield code="a">Agricultural innovations</subfield>
  </datafield>
  <datafield tag="650" ind1=" " ind2="0">
    <subfield code="a">Food industry and trade</subfield>
    <subfield code="x">Technological innovations</subfield>
  </datafield>
  <datafield tag="650" ind1=" " ind2="0">
    <subfield code="a">Genetically modified foods</subfield>
  </datafield>
  <datafield tag="650" ind1=" " ind2="0">
    <subfield code="a">Agriculture</subfield>
    <subfield code="x">Economic aspects</subfield>
  </datafield>
  <datafield tag="655" ind1=" " ind2="0">
    <subfield code="a">Electronic books</subfield>
  </datafield>
  <datafield tag="700" ind1="1" ind2=" ">
    <subfield code="a">Castle, David</subfield>
    <subfield code="4">oth</subfield>
  </datafield>
  <datafield tag="700" ind1="1" ind2=" ">
    <subfield code="a">Smyth, Stuart J.</subfield>
    <subfield code="4">oth</subfield>
  </datafield>
  <datafield tag="856" ind1="4" ind2="0">
    <subfield code="u">http://www.elgaronline.com/view/Research_Reviews/9781781952559/9781781952559.xml</subfield>
    <subfield code="x">Verlag; Elgar</subfield>
    <subfield code="3">Volltext</subfield>
  </datafield>
  <datafield tag="912" ind1=" " ind2=" ">
    <subfield code="a">ZDB-1-EWE</subfield>
  </datafield>
  <datafield tag="912" ind1=" " ind2=" ">
    <subfield code="a">ZDB-1-EWE</subfield>
  </datafield>
  <datafield tag="924" ind1="1" ind2=" ">
    <subfield code="a">1772922862</subfield>
    <subfield code="b">DE-206</subfield>
    <subfield code="9">206</subfield>
    <subfield code="c">GBV</subfield>
    <subfield code="d">d</subfield>
  </datafield>
  <datafield tag="951" ind1=" " ind2=" ">
    <subfield code="a">BO</subfield>
  </datafield>
</record>