
<?xml version="1.0" encoding="UTF-8"?>
<record xmlns="http://www.loc.gov/MARC21/slim">
  <leader>     cam a22        4500</leader>
  <controlfield tag="001">1023441381</controlfield>
  <controlfield tag="003">DE-627</controlfield>
  <controlfield tag="005">20200305163005.0</controlfield>
  <controlfield tag="007">cr uuu---uuuuu</controlfield>
  <controlfield tag="008">180529s2015    xx |||||o     00| ||eng c</controlfield>
  <datafield tag="020" ind1=" " ind2=" ">
    <subfield code="a">9781784717636</subfield>
    <subfield code="c"> : e-book</subfield>
    <subfield code="9">978-1-78471-763-6</subfield>
  </datafield>
  <datafield tag="024" ind1="7" ind2=" ">
    <subfield code="a">10.4337/9781784717636</subfield>
    <subfield code="2">doi</subfield>
  </datafield>
  <datafield tag="035" ind1=" " ind2=" ">
    <subfield code="a">(DE-627)1023441381</subfield>
  </datafield>
  <datafield tag="035" ind1=" " ind2=" ">
    <subfield code="a">(DE-599)GBV1023441381</subfield>
  </datafield>
  <datafield tag="040" ind1=" " ind2=" ">
    <subfield code="a">DE-627</subfield>
    <subfield code="b">ger</subfield>
    <subfield code="c">DE-627</subfield>
    <subfield code="e">rda</subfield>
  </datafield>
  <datafield tag="041" ind1=" " ind2=" ">
    <subfield code="a">eng</subfield>
  </datafield>
  <datafield tag="044" ind1=" " ind2=" ">
    <subfield code="c">XA-GB</subfield>
    <subfield code="c">XD-US</subfield>
  </datafield>
  <datafield tag="050" ind1=" " ind2="0">
    <subfield code="a">HG229</subfield>
  </datafield>
  <datafield tag="084" ind1=" " ind2=" ">
    <subfield code="a">QM 330</subfield>
    <subfield code="q">BSZ</subfield>
    <subfield code="2">rvk</subfield>
  </datafield>
  <datafield tag="084" ind1=" " ind2=" ">
    <subfield code="a">83.50</subfield>
    <subfield code="2">bkl</subfield>
  </datafield>
  <datafield tag="084" ind1=" " ind2=" ">
    <subfield code="a">83.44</subfield>
    <subfield code="2">bkl</subfield>
  </datafield>
  <datafield tag="100" ind1="1" ind2=" ">
    <subfield code="a">Bernholz, Peter</subfield>
    <subfield code="d">1929-</subfield>
    <subfield code="e">VerfasserIn</subfield>
    <subfield code="0">(DE-588)170033732</subfield>
    <subfield code="0">(DE-627)06004618X</subfield>
    <subfield code="0">(DE-576)130948667</subfield>
    <subfield code="4">aut</subfield>
  </datafield>
  <datafield tag="245" ind1="1" ind2="0">
    <subfield code="a">Monetary regimes and inflation</subfield>
    <subfield code="b">history, economic and political relationships</subfield>
    <subfield code="c">Peter Bernholz, professor emeritus of economics, Center for Economics and Business (WWZ), University of Basle, Switzerland</subfield>
  </datafield>
  <datafield tag="250" ind1=" " ind2=" ">
    <subfield code="a">Second edition</subfield>
  </datafield>
  <datafield tag="264" ind1=" " ind2="1">
    <subfield code="a">Cheltenham, U.K</subfield>
    <subfield code="a">Northampton, MA, USA</subfield>
    <subfield code="b">Edward Elgar Publishing</subfield>
    <subfield code="c">2015</subfield>
  </datafield>
  <datafield tag="300" ind1=" " ind2=" ">
    <subfield code="a">1 Online-Ressource (xii, 229 pages)</subfield>
    <subfield code="b">diagrams</subfield>
  </datafield>
  <datafield tag="336" ind1=" " ind2=" ">
    <subfield code="a">Text</subfield>
    <subfield code="b">txt</subfield>
    <subfield code="2">rdacontent</subfield>
  </datafield>
  <datafield tag="337" ind1=" " ind2=" ">
    <subfield code="a">Computermedien</subfield>
    <subfield code="b">c</subfield>
    <subfield code="2">rdamedia</subfield>
  </datafield>
  <datafield tag="338" ind1=" " ind2=" ">
    <subfield code="a">Online-Ressource</subfield>
    <subfield code="b">cr</subfield>
    <subfield code="2">rdacarrier</subfield>
  </datafield>
  <datafield tag="500" ind1=" " ind2=" ">
    <subfield code="a">Includes index</subfield>
  </datafield>
  <datafield tag="520" ind1=" " ind2=" ">
    <subfield code="a">Exploring the characteristics of inflations and comparing historical cases from Roman times up to the modern day, this book provides an in depth discussion of the subject. It analyses the high and moderate inflations caused by the inflationary bias of political systems and economic relationships, as well as the importance of different monetary regimes in containing them. The differences for the possible size of inflations among monetary regimes like metallic currencies, the gold standard and fiat paper money are discussed. It is shown that huge budget deficits of government have been responsible for all hyperinflations. This revised second edition debates whether a growth of the money supply exceeding that of real Gross Domestic Production is a necessary or sufficient reason for inflation and also includes a new concluding chapter, which explores the long-term tendencies to create, maintain and abolish inflation-stable monetary regimes. Moreover, the conditions for long-term inflation-stable monetary regimes in history are explored. By surveying thirty hyperinflations, Peter Bernholz demonstrates that certain economic traits have been stable characteristics of inflations over the centuries, and illustrates their causes. He also examines the consequences of high inflations for unemployment, the distortions between relative prices and the political conditions that allow a return to stable monetary regimes after high inflations, given the inflationary tendencies of political systems. This book will appeal to a wide-ranging audience, including students, economists, historians, political scientists and sociologists looking to improve their knowledge of monetary regimes and inflation. Bankers, businessmen and politicians attempting to solve the problems caused for them by inflation, will also find this to be a useful read.</subfield>
  </datafield>
  <datafield tag="650" ind1=" " ind2="7">
    <subfield code="8">1.1\x</subfield>
    <subfield code="a">Inflation</subfield>
    <subfield code="0">(DE-627)091367360</subfield>
    <subfield code="0">(DE-STW)11506-6</subfield>
    <subfield code="2">stw</subfield>
  </datafield>
  <datafield tag="650" ind1=" " ind2="7">
    <subfield code="8">1.2\x</subfield>
    <subfield code="a">Geldgeschichte</subfield>
    <subfield code="0">(DE-627)091362210</subfield>
    <subfield code="0">(DE-STW)11416-0</subfield>
    <subfield code="2">stw</subfield>
  </datafield>
  <datafield tag="650" ind1=" " ind2="7">
    <subfield code="8">1.3\x</subfield>
    <subfield code="a">Geldpolitik</subfield>
    <subfield code="0">(DE-627)09136230X</subfield>
    <subfield code="0">(DE-STW)10382-3</subfield>
    <subfield code="2">stw</subfield>
  </datafield>
  <datafield tag="650" ind1=" " ind2="7">
    <subfield code="8">1.4\x</subfield>
    <subfield code="a">Wechselkurspolitik</subfield>
    <subfield code="0">(DE-627)091399785</subfield>
    <subfield code="0">(DE-STW)10722-5</subfield>
    <subfield code="2">stw</subfield>
  </datafield>
  <datafield tag="650" ind1=" " ind2="7">
    <subfield code="8">1.5\x</subfield>
    <subfield code="a">Währungssystem</subfield>
    <subfield code="0">(DE-627)091362377</subfield>
    <subfield code="0">(DE-STW)11481-3</subfield>
    <subfield code="2">stw</subfield>
  </datafield>
  <datafield tag="650" ind1=" " ind2="7">
    <subfield code="8">1.6\x</subfield>
    <subfield code="a">Hyperinflation</subfield>
    <subfield code="0">(DE-627)091366542</subfield>
    <subfield code="0">(DE-STW)11503-5</subfield>
    <subfield code="2">stw</subfield>
  </datafield>
  <datafield tag="650" ind1=" " ind2="7">
    <subfield code="8">1.7\x</subfield>
    <subfield code="a">Welt</subfield>
    <subfield code="0">(DE-627)09140004X</subfield>
    <subfield code="0">(DE-STW)16809-5</subfield>
    <subfield code="2">stw</subfield>
  </datafield>
  <datafield tag="689" ind1="0" ind2="0">
    <subfield code="D">s</subfield>
    <subfield code="0">(DE-588)4026887-1</subfield>
    <subfield code="0">(DE-627)106286730</subfield>
    <subfield code="0">(DE-576)208968377</subfield>
    <subfield code="a">Inflation</subfield>
    <subfield code="2">gnd</subfield>
  </datafield>
  <datafield tag="689" ind1="0" ind2="1">
    <subfield code="D">s</subfield>
    <subfield code="0">(DE-588)4019902-2</subfield>
    <subfield code="0">(DE-627)106319930</subfield>
    <subfield code="0">(DE-576)208931171</subfield>
    <subfield code="a">Geldpolitik</subfield>
    <subfield code="2">gnd</subfield>
  </datafield>
  <datafield tag="689" ind1="0" ind2="2">
    <subfield code="D">s</subfield>
    <subfield code="0">(DE-588)4131291-0</subfield>
    <subfield code="0">(DE-627)105696099</subfield>
    <subfield code="a">Wechselkurspolitik</subfield>
    <subfield code="2">gnd</subfield>
  </datafield>
  <datafield tag="689" ind1="0" ind2="3">
    <subfield code="D">s</subfield>
    <subfield code="0">(DE-588)4121891-7</subfield>
    <subfield code="0">(DE-627)105766305</subfield>
    <subfield code="0">(DE-576)209547030</subfield>
    <subfield code="a">Währungssystem</subfield>
    <subfield code="2">gnd</subfield>
  </datafield>
  <datafield tag="689" ind1="0" ind2="4">
    <subfield code="D">s</subfield>
    <subfield code="0">(DE-588)7696600-8</subfield>
    <subfield code="0">(DE-627)623133326</subfield>
    <subfield code="a">Hyperinflation</subfield>
    <subfield code="2">gnd</subfield>
  </datafield>
  <datafield tag="689" ind1="0" ind2="5">
    <subfield code="D">s</subfield>
    <subfield code="0">(DE-588)4065341-9</subfield>
    <subfield code="0">(DE-627)10611946X</subfield>
    <subfield code="0">(DE-576)209158069</subfield>
    <subfield code="a">Welt</subfield>
    <subfield code="2">gnd</subfield>
  </datafield>
  <datafield tag="689" ind1="0" ind2=" ">
    <subfield code="5">DE-101</subfield>
  </datafield>
  <datafield tag="776" ind1="1" ind2=" ">
    <subfield code="z">9781784717629</subfield>
    <subfield code="c"> : hardback</subfield>
  </datafield>
  <datafield tag="776" ind1="1" ind2=" ">
    <subfield code="z">9781784717643</subfield>
    <subfield code="c"> : paperback</subfield>
  </datafield>
  <datafield tag="856" ind1="4" ind2="0">
    <subfield code="u">http://www.elgaronline.com/view/9781784717629.xml</subfield>
    <subfield code="x">Verlag; Elgar</subfield>
    <subfield code="3">Volltext</subfield>
  </datafield>
  <datafield tag="856" ind1="4" ind2="2">
    <subfield code="u">http://www.gbv.de/dms/zbw/822180715.pdf</subfield>
    <subfield code="m">V:DE-601</subfield>
    <subfield code="m">B:DE-206</subfield>
    <subfield code="q">pdf/application</subfield>
    <subfield code="v">2015-06-22</subfield>
    <subfield code="x">Verlag</subfield>
    <subfield code="y">Inhaltsverzeichnis</subfield>
    <subfield code="3">Inhaltsverzeichnis</subfield>
  </datafield>
  <datafield tag="912" ind1=" " ind2=" ">
    <subfield code="a">ZDB-1-EWE</subfield>
  </datafield>
  <datafield tag="912" ind1=" " ind2=" ">
    <subfield code="a">ZDB-1-EWE</subfield>
  </datafield>
  <datafield tag="924" ind1="1" ind2=" ">
    <subfield code="a">1772916307</subfield>
    <subfield code="b">DE-206</subfield>
    <subfield code="9">206</subfield>
    <subfield code="c">GBV</subfield>
    <subfield code="d">d</subfield>
  </datafield>
  <datafield tag="936" ind1="b" ind2="k">
    <subfield code="a">83.50</subfield>
    <subfield code="j">Geld</subfield>
    <subfield code="j">Inflation</subfield>
    <subfield code="j">Kapitalmarkt</subfield>
    <subfield code="0">(DE-627)106411519</subfield>
  </datafield>
  <datafield tag="936" ind1="b" ind2="k">
    <subfield code="a">83.44</subfield>
    <subfield code="j">Währung</subfield>
    <subfield code="0">(DE-627)106420275</subfield>
  </datafield>
  <datafield tag="951" ind1=" " ind2=" ">
    <subfield code="a">BO</subfield>
  </datafield>
</record>