
<?xml version="1.0" encoding="UTF-8"?>
<record xmlns="http://www.loc.gov/MARC21/slim">
  <leader>     cam a22        4500</leader>
  <controlfield tag="001">1023438828</controlfield>
  <controlfield tag="003">DE-627</controlfield>
  <controlfield tag="005">20200305163017.0</controlfield>
  <controlfield tag="007">cr uuu---uuuuu</controlfield>
  <controlfield tag="008">180529s2015    xx |||||o     00| ||eng c</controlfield>
  <datafield tag="020" ind1=" " ind2=" ">
    <subfield code="a">9781783478637</subfield>
    <subfield code="c"> : e-book</subfield>
    <subfield code="9">978-1-78347-863-7</subfield>
  </datafield>
  <datafield tag="024" ind1="7" ind2=" ">
    <subfield code="a">10.4337/9781783478637</subfield>
    <subfield code="2">doi</subfield>
  </datafield>
  <datafield tag="035" ind1=" " ind2=" ">
    <subfield code="a">(DE-627)1023438828</subfield>
  </datafield>
  <datafield tag="035" ind1=" " ind2=" ">
    <subfield code="a">(DE-599)GBV1023438828</subfield>
  </datafield>
  <datafield tag="040" ind1=" " ind2=" ">
    <subfield code="a">DE-627</subfield>
    <subfield code="b">ger</subfield>
    <subfield code="c">DE-627</subfield>
    <subfield code="e">rda</subfield>
  </datafield>
  <datafield tag="041" ind1=" " ind2=" ">
    <subfield code="a">eng</subfield>
  </datafield>
  <datafield tag="044" ind1=" " ind2=" ">
    <subfield code="c">XA-GB</subfield>
    <subfield code="c">XD-US</subfield>
  </datafield>
  <datafield tag="050" ind1=" " ind2="0">
    <subfield code="a">HF5415.55</subfield>
  </datafield>
  <datafield tag="084" ind1=" " ind2=" ">
    <subfield code="a">QP 620</subfield>
    <subfield code="2">rvk</subfield>
  </datafield>
  <datafield tag="084" ind1=" " ind2=" ">
    <subfield code="a">85.40</subfield>
    <subfield code="2">bkl</subfield>
  </datafield>
  <datafield tag="245" ind1="1" ind2="0">
    <subfield code="a">Handbook on research in relationship marketing</subfield>
    <subfield code="c">edited by Robert M. Morgan (University of Alabama), Janet Turner Parish (Texas A&amp;M University), and George Deitz (University of Memphis, US)</subfield>
  </datafield>
  <datafield tag="264" ind1=" " ind2="1">
    <subfield code="a">Cheltenham, U.K</subfield>
    <subfield code="a">Northampton, MA, USA</subfield>
    <subfield code="b">Edward Elgar Publishing</subfield>
    <subfield code="c">2015</subfield>
  </datafield>
  <datafield tag="300" ind1=" " ind2=" ">
    <subfield code="a">1 Online-Ressource (viii, 344 pages)</subfield>
  </datafield>
  <datafield tag="336" ind1=" " ind2=" ">
    <subfield code="a">Text</subfield>
    <subfield code="b">txt</subfield>
    <subfield code="2">rdacontent</subfield>
  </datafield>
  <datafield tag="337" ind1=" " ind2=" ">
    <subfield code="a">Computermedien</subfield>
    <subfield code="b">c</subfield>
    <subfield code="2">rdamedia</subfield>
  </datafield>
  <datafield tag="338" ind1=" " ind2=" ">
    <subfield code="a">Online-Ressource</subfield>
    <subfield code="b">cr</subfield>
    <subfield code="2">rdacarrier</subfield>
  </datafield>
  <datafield tag="490" ind1="0" ind2=" ">
    <subfield code="a">Elgar original reference</subfield>
  </datafield>
  <datafield tag="500" ind1=" " ind2=" ">
    <subfield code="a">Includes bibliographical references and index</subfield>
  </datafield>
  <datafield tag="508" ind1=" " ind2=" ">
    <subfield code="a">Successful exchange relationships between organizations and their various partners in those exchanges - suppliers, customers, employees, or a wide variety of other types of exchange partners - have become critical to the overall success of organizations in an economy that is increasingly global, hypercompetitive, and evolutionary. This Handbook highlights relationship marketing as an area of growing interest and ongoing development within marketing, providing key insights that illustrate its important role in guiding customer-directed business strategies. Relationship marketing is an approach to increase long-term profitability through loyal customers. With increased customer retention, fewer resources need to be invested in acquiring new customers and marketing costs go down. The Handbook on Relationship Marketing brings together contributions from some of the leading figures in the field to analyze the role of marketing with suppliers and customers, as well as internal and lateral partners.</subfield>
  </datafield>
  <datafield tag="520" ind1=" " ind2=" ">
    <subfield code="a">1. The future evolution of relationship marketing / Jagdish N. Sheth -- 2. Relationship marketing : Berry&apos;s insights from the past and for the future / Janet Turner Parish, Sandi Lampo and Kristin Landua -- 3. Relationship benefits research : a synthesis / Dwayne D. Gremler and Kevin P. Gwinner -- 4. Advances in customer value management / Peter C. Verhoef and Katherine N. Lemon -- 5. Relationship marketing tools : understanding the value of loyalty programs / Russell Lacey -- 6. Service failure and recovery : implications for relationship marketing / Betsy Bugg Holloway and Sijun Wang -- 7. From theory to bedside and back : relationship marketing and medical care / Michael J. Howley, Jr. -- 8. Self-service technologies : building relationships with Indian consumers / Rajan Saxena, Mona Sinha and Hufrish Majra -- 9. Taxonomy of hotel loyalty program members : examining differences in service quality perceptions / George Deitz and John D. Hansen -- 10. NASCAR : driving relationship equity through the sponsorship supply chain / Susan Cadwallader, Tom Boyd and Aaron Thomas -- 11. Aligning service dominant logic and the relationship marketing view of the customer / Thomas W. Gruen -- 12. Gratitude in relationship marketing / Randle D. Raggio ... [et al.] -- 13. Anti-relationship marketing : understanding relationship-destroying behaviors / Stephen A. Samaha and Robert W. Palmatier -- 14. From relationship marketing to many-to-many marketing / Evert Gummesson</subfield>
  </datafield>
  <datafield tag="650" ind1=" " ind2="7">
    <subfield code="8">1.1\x</subfield>
    <subfield code="a">Beziehungsmarketing</subfield>
    <subfield code="0">(DE-627)091354323</subfield>
    <subfield code="0">(DE-STW)19133-0</subfield>
    <subfield code="2">stw</subfield>
  </datafield>
  <datafield tag="689" ind1="0" ind2="0">
    <subfield code="D">s</subfield>
    <subfield code="0">(DE-588)4789127-0</subfield>
    <subfield code="0">(DE-627)391883224</subfield>
    <subfield code="0">(DE-576)216411920</subfield>
    <subfield code="a">Beziehungsmarketing</subfield>
    <subfield code="2">gnd</subfield>
  </datafield>
  <datafield tag="689" ind1="0" ind2=" ">
    <subfield code="5">(DE-627)</subfield>
  </datafield>
  <datafield tag="700" ind1="1" ind2=" ">
    <subfield code="a">Morgan, Robert M.</subfield>
    <subfield code="e">HerausgeberIn</subfield>
    <subfield code="4">edt</subfield>
  </datafield>
  <datafield tag="700" ind1="1" ind2=" ">
    <subfield code="a">Parish, Janet Turner</subfield>
    <subfield code="e">HerausgeberIn</subfield>
    <subfield code="0">(DE-588)135579244</subfield>
    <subfield code="0">(DE-627)566844842</subfield>
    <subfield code="4">edt</subfield>
  </datafield>
  <datafield tag="700" ind1="1" ind2=" ">
    <subfield code="a">Deitz, George</subfield>
    <subfield code="e">HerausgeberIn</subfield>
    <subfield code="0">(DE-588)1066478198</subfield>
    <subfield code="0">(DE-627)817569766</subfield>
    <subfield code="4">edt</subfield>
  </datafield>
  <datafield tag="776" ind1="1" ind2=" ">
    <subfield code="z">9781848443686</subfield>
    <subfield code="c">hardback</subfield>
  </datafield>
  <datafield tag="776" ind1="0" ind2="8">
    <subfield code="i">Available in another form</subfield>
    <subfield code="z">9781848443686 (hardback)</subfield>
  </datafield>
  <datafield tag="856" ind1="4" ind2="0">
    <subfield code="u">http://www.elgaronline.com/view/9781848443686.xml</subfield>
    <subfield code="x">Verlag; Elgar</subfield>
    <subfield code="3">Volltext</subfield>
  </datafield>
  <datafield tag="856" ind1="4" ind2="2">
    <subfield code="u">http://www.gbv.de/dms/zbw/669426199.pdf</subfield>
    <subfield code="m">V:DE-601</subfield>
    <subfield code="m">B:DE-206</subfield>
    <subfield code="q">pdf/application</subfield>
    <subfield code="v">2015-03-09</subfield>
    <subfield code="x">Verlag</subfield>
    <subfield code="y">Inhaltsverzeichnis</subfield>
    <subfield code="3">Inhaltsverzeichnis</subfield>
  </datafield>
  <datafield tag="912" ind1=" " ind2=" ">
    <subfield code="a">ZDB-1-EWE</subfield>
  </datafield>
  <datafield tag="912" ind1=" " ind2=" ">
    <subfield code="a">ZDB-1-EWE</subfield>
  </datafield>
  <datafield tag="924" ind1="1" ind2=" ">
    <subfield code="a">1772913731</subfield>
    <subfield code="b">DE-206</subfield>
    <subfield code="9">206</subfield>
    <subfield code="c">GBV</subfield>
    <subfield code="d">d</subfield>
  </datafield>
  <datafield tag="936" ind1="b" ind2="k">
    <subfield code="a">85.40</subfield>
    <subfield code="j">Marketing</subfield>
    <subfield code="0">(DE-627)106420143</subfield>
  </datafield>
  <datafield tag="951" ind1=" " ind2=" ">
    <subfield code="a">BO</subfield>
  </datafield>
</record>
Record with ppn "168582305X" not found in database "opac-de-206".
